|0000|LECD|01012024|31122024|LM Administraēćo de Bens Imóveis Ltda.|17970759000108|SP||3550308|||0|0|0||0|0||N|N|0|0|2|
|0001|0|
|0007|SP||
|0990|4|
|I001|0|
|I010|G|9.00|
|I030|TERMO DE ABERTURA|1|Livro Diįrio Geral|5882|LM Administraēćo de Bens Imóveis Ltda.||17970759000108|12032013||Sćo Paulo|31122024|
|I050|31122024|01|S|1|1||ATIVO|
|I050|31122024|01|S|2|11|1|Circulante|
|I050|31122024|01|S|3|111|11|Disponibilidades|
|I050|31122024|01|S|4|11101|111|Disponķvel|
|I050|31122024|01|S|5|1110101|11101|Caixa e Bancos|
|I050|31122024|01|A|6|11101010001|1110101|Caixa|
|I051||1.01.01.01.01|
|I052||BAL_11101010001               |
|I050|31122024|01|S|4|11102|111|Bancos|
|I050|31122024|01|S|5|1110201|11102|Bancos Conta Movimento|
|I050|31122024|01|A|6|11102010001|1110201|Banco Itau-Unibanco|
|I051||1.01.01.02.01|
|I052||BAL_11102010001               |
|I050|31122024|01|A|6|11102010002|1110201|Banco Bradesco|
|I051||1.01.01.02.01|
|I052||BAL_11102010002               |
|I050|31122024|01|A|6|11102010003|1110201|Banco Santander|
|I051||1.01.01.02.01|
|I052||BAL_11102010003               |
|I050|31122024|01|A|6|11102010004|1110201|Banco do Brasil|
|I051||1.01.01.02.01|
|I052||BAL_11102010004               |
|I050|31122024|01|A|6|11102010005|1110201|Caixa Econōmina Federal|
|I051||1.01.01.02.01|
|I052||BAL_11102010005               |
|I050|31122024|01|A|6|11102010006|1110201|Banco Inter|
|I051||1.01.01.02.01|
|I052||BAL_11102010006               |
|I050|31122024|01|S|4|11104|111|Bancos Aplicaēões|
|I050|31122024|01|S|5|1110403|11104|Aplicaēões Financeiras|
|I050|31122024|01|A|6|11104030001|1110403|Banco Itau-Aplicacao|
|I051||1.01.01.05.01|
|I052||BAL_11104030001               |
|I050|31122024|01|A|6|11104030002|1110403|Banco Bradesco|
|I051||1.01.01.05.01|
|I052||BAL_11104030002               |
|I050|31122024|01|A|6|11104030003|1110403|Banco Santander|
|I051||1.01.01.05.01|
|I052||BAL_11104030003               |
|I050|31122024|01|A|6|11104030004|1110403|Banco do Brasil|
|I051||1.01.01.05.01|
|I052||BAL_11104030004               |
|I050|31122024|01|A|6|11104030005|1110403|Caixa Econōmina Federal|
|I051||1.01.01.05.01|
|I052||BAL_11104030005               |
|I050|31122024|01|A|6|11104030006|1110403|CDB Bradesco|
|I051||1.01.01.05.01|
|I052||BAL_11104030006               |
|I050|31122024|01|S|3|113|11|Créditos a Receber|
|I050|31122024|01|S|4|11301|113|Contas a Receber|
|I050|31122024|01|S|5|1130101|11301|Clientes|
|I050|31122024|01|A|6|11301010001|1130101|Clientes Diversos|
|I051||1.01.02.02.01|
|I052||BAL_11301010001               |
|I050|31122024|01|S|4|11303|113|Adiantamentos|
|I050|31122024|01|S|5|1130301|11303|Adiantamentos Fornecedores|
|I050|31122024|01|A|6|11303010001|1130301|Fornecedores Diversos|
|I051||1.01.02.01.01|
|I052||BAL_11303010001               |
|I050|31122024|01|S|4|11304|113|Outros Adiantamentos|
|I050|31122024|01|S|5|1130401|11304|Outros Adiantamentos|
|I050|31122024|01|A|6|11304010007|1130401|Terceiros|
|I051||1.01.02.01.01|
|I052||BAL_11304010007               |
|I050|31122024|01|S|4|11305|113|Adiantamentos Partes Ligadas|
|I050|31122024|01|S|5|1130501|11305|Adiantamentos a Colaboradores|
|I050|31122024|01|A|6|11305010001|1130501|Salarios|
|I051||1.01.02.01.03|
|I052||BAL_11305010001               |
|I050|31122024|01|A|6|11305010002|1130501|Ferias|
|I051||1.01.02.01.03|
|I052||BAL_11305010002               |
|I050|31122024|01|A|6|11305010003|1130501|13.Salario|
|I051||1.01.02.01.03|
|I052||BAL_11305010003               |
|I050|31122024|01|A|6|11305010004|1130501|Arredontamentos de Folha|
|I051||1.01.02.01.03|
|I052||BAL_11305010004               |
|I050|31122024|01|A|6|11305010006|1130501|Emprestimo Funcionarios|
|I051||1.01.02.01.03|
|I052||BAL_11305010006               |
|I050|31122024|01|S|4|11307|113|Mutuo Partes Ligadas|
|I050|31122024|01|S|5|1130701|11307|Mutuo Ligadas|
|I050|31122024|01|A|6|11307010001|1130701|Lucros/PLR|
|I051||2.01.01.17.13|
|I052||BAL_11307010001               |
|I050|31122024|01|S|4|11308|113|Mutuo Partes Nćo Ligadas|
|I050|31122024|01|S|5|1130801|11308|Mutuo Partes Nćo Ligadas|
|I050|31122024|01|A|6|11308010002|1130801|Empregados|
|I051||1.02.01.01.02|
|I052||BAL_11308010002               |
|I050|31122024|01|S|4|11309|113|Tributos a Recuperar|
|I050|31122024|01|S|5|1130901|11309|Impostos a Recuperar|
|I050|31122024|01|A|6|11309010001|1130901|IRPJ a Recuperar|
|I051||1.01.02.04.01|
|I052||BAL_11309010001               |
|I050|31122024|01|A|6|11309010002|1130901|CSLL a Recuperar|
|I051||1.01.02.04.04|
|I052||BAL_11309010002               |
|I050|31122024|01|A|6|11309010003|1130901|PIS a Recuperar|
|I051||1.01.02.03.03|
|I052||BAL_11309010003               |
|I050|31122024|01|A|6|11309010005|1130901|COFINS Recuperar|
|I051||1.01.02.03.05|
|I052||BAL_11309010005               |
|I050|31122024|01|A|6|11309010006|1130901|ICMS a Recuperar|
|I051||1.01.02.03.02|
|I052||BAL_11309010006               |
|I050|31122024|01|A|6|11309010007|1130901|IRRF a Recuperar|
|I051||1.01.02.04.01|
|I052||BAL_11309010007               |
|I050|31122024|01|A|6|11309010008|1130901|ISSQN a Recuperar|
|I051||1.01.02.04.40|
|I052||BAL_11309010008               |
|I050|31122024|01|A|6|11309010009|1130901|Outros Tributos a Recuperar|
|I051||1|
|I052||BAL_11309010009               |
|I050|31122024|01|S|2|12|1|Nćo Circulante|
|I050|31122024|01|S|3|121|12|Realizįvel a Longo Prazo|
|I050|31122024|01|S|4|12101|121|Créditos a Longo Prazo|
|I050|31122024|01|S|5|1210101|12101|Créditos a Longo Prazo|
|I050|31122024|01|A|6|12101010003|1210101|Creditos-PF/PJ-Nao Ligadas|
|I051||1.02.01.01.02|
|I052||BAL_12101010003               |
|I050|31122024|01|A|6|12101010005|1210101|Emprestimos a Pessoa Juridica|
|I051||1.02.01.01.02|
|I052||BAL_12101010005               |
|I050|31122024|01|S|5|1210102|12101|Conta Corrente Partes Ligadas|
|I050|31122024|01|A|6|12101020001|1210102|Conta Corrente Ligadas|
|I051||1.02.01.01.03|
|I052||BAL_12101020001               |
|I050|31122024|01|A|6|12101020002|1210102|Conta Corrente Sócios|
|I051||1.02.01.01.03|
|I052||BAL_12101020002               |
|I050|31122024|01|S|5|1210103|12101|Mśtuo Partes Nćo Ligadas|
|I050|31122024|01|A|6|12101030001|1210103|Mśtuo Nćo Ligadas|
|I051||1.02.01.01.03|
|I052||BAL_12101030001               |
|I050|31122024|01|A|6|12101030002|1210103|Mśtuo Outros|
|I051||1.02.01.01.03|
|I052||BAL_12101030002               |
|I050|31122024|01|S|5|1210105|12101|Depósitos e Cauēões|
|I050|31122024|01|A|6|12101050002|1210105|Depositos Judiciais|
|I051||1.02.01.02.14|
|I052||BAL_12101050002               |
|I050|31122024|01|A|6|12101050006|1210105|Outros Depositos e Caucoes|
|I051||1.02.01.02.15|
|I052||BAL_12101050006               |
|I050|31122024|01|S|3|122|12|Investimentos|
|I050|31122024|01|S|3|123|12|Permanente|
|I050|31122024|01|S|4|12301|123|Imobilizado|
|I050|31122024|01|S|5|1230101|12301|Imóveis|
|I050|31122024|01|A|6|12301010001|1230101|Imoveis|
|I051||1.02.03.01.02|
|I052||BAL_12301010001               |
|I050|31122024|01|A|6|12301010002|1230101|Acyr Andrade Conjunto 32|
|I051||1.02.03.02.06|
|I052||BAL_12301010002               |
|I050|31122024|01|A|6|12301010003|1230101|Acyr Andrade Conjunto 33|
|I051||1.02.03.02.06|
|I052||BAL_12301010003               |
|I050|31122024|01|A|6|12301010004|1230101|Studio Paris Ap 1101|
|I051||1.02.03.02.06|
|I052||BAL_12301010004               |
|I050|31122024|01|A|6|12301010005|1230101|Loft Sćo Paulo Cob1V|
|I051||1.02.03.02.06|
|I052||BAL_12301010005               |
|I050|31122024|01|A|6|12301010006|1230101|Casablanca Ecoville 1602|
|I051||1.02.03.02.06|
|I052||BAL_12301010006               |
|I050|31122024|01|A|6|12301010007|1230101|Regency Florianópolis 3B|
|I051||1.02.03.02.06|
|I052||BAL_12301010007               |
|I050|31122024|01|A|6|12301010008|1230101|Palais Royal 31|
|I051||1.02.03.02.06|
|I052||BAL_12301010008               |
|I050|31122024|01|A|6|12301010009|1230101|North York Sob 25|
|I051||1.02.03.02.06|
|I052||BAL_12301010009               |
|I050|31122024|01|A|6|12301010010|1230101|Iporanga Guarujį Q4-L19|
|I051||1.02.03.02.06|
|I052||BAL_12301010010               |
|I050|31122024|01|A|6|12301010011|1230101|Landmark 138-A|
|I051||1.02.03.02.06|
|I052||BAL_12301010011               |
|I050|31122024|01|A|6|12301010012|1230101|Landmark 139-A|
|I051||1.02.03.02.06|
|I052||BAL_12301010012               |
|I050|31122024|01|A|6|12301010013|1230101|Landmark 137-A|
|I051||1.02.03.02.06|
|I052||BAL_12301010013               |
|I050|31122024|01|A|6|12301010014|1230101|Imóvel Cotia|
|I051||1.02.03.02.06|
|I052||BAL_12301010014               |
|I050|31122024|01|A|6|12301010015|1230101|Bertioga 62|
|I051||1.02.03.02.06|
|I052||BAL_12301010015               |
|I050|31122024|01|A|6|12301010016|1230101|Bertioga 88|
|I051||1.02.03.02.06|
|I052||BAL_12301010016               |
|I050|31122024|01|A|6|12301010017|1230101|Bertioga 92|
|I051||1.02.03.02.06|
|I052||BAL_12301010017               |
|I050|31122024|01|A|6|12301010018|1230101|Chacara Piraquara|
|I051||1.02.03.02.06|
|I052||BAL_12301010018               |
|I050|31122024|01|A|6|12301010019|1230101|Casa Sauternes|
|I051||1.02.03.02.06|
|I052||BAL_12301010019               |
|I050|31122024|01|A|6|12301010020|1230101|Casa Las Piedras|
|I051||1.02.03.02.06|
|I052||BAL_12301010020               |
|I050|31122024|01|A|6|12301010021|1230101|Casa Campos do Jordćo|
|I051||1.02.03.02.06|
|I052||BAL_12301010021               |
|I050|31122024|01|A|6|12301010022|1230101|Terreno Catuama Goiana-PE|
|I051||1.02.03.02.06|
|I052||BAL_12301010022               |
|I050|31122024|01|A|6|12301010023|1230101|Vinicola The Vines Mendoza|
|I051||1.02.03.02.06|
|I052||BAL_12301010023               |
|I050|31122024|01|A|6|12301010024|1230101|Vinicola Rios e Corropios|
|I051||1.02.03.02.06|
|I052||BAL_12301010024               |
|I050|31122024|01|A|6|12301010099|1230101|(-) Depreciaēćo Acumulada Imóveis|
|I051||1.02.03.02.06|
|I052||BAL_12301010099               |
|I050|31122024|01|S|5|1230102|12301|Móveis Mįquinas e Equipamentos|
|I050|31122024|01|A|6|12301020001|1230102|Maquinas e Equipamentos|
|I051||1.02.03.01.06|
|I052||BAL_12301020001               |
|I050|31122024|01|S|5|1230103|12301|Móveis e Utensķlios|
|I050|31122024|01|A|6|12301030001|1230103|Moveis e Utensilios|
|I051||1.02.03.01.07|
|I052||BAL_12301030001               |
|I050|31122024|01|A|6|12301030003|1230103|Instalacoes Nao Industriais|
|I051||1.02.03.01.06|
|I052||BAL_12301030003               |
|I050|31122024|01|S|5|1230110|12301|Equipamento de Tecnologia|
|I050|31122024|01|A|6|12301100001|1230110|Equipamentos Process.Dados|
|I051||1.02.03.01.06|
|I052||BAL_12301100001               |
|I050|31122024|01|S|5|1230111|12301|Softwares|
|I050|31122024|01|A|6|12301110004|1230111|Software Progr.Computador|
|I051||1.02.05.01.10|
|I052||BAL_12301110004               |
|I050|31122024|01|S|3|124|12|DIFERIDO|
|I050|31122024|01|S|4|12401|124|Ativo Diferido|
|I050|31122024|01|S|5|1240101|12401|Projetos em Andamento|
|I050|31122024|01|A|6|12401010001|1240101|Algoo|
|I051||1.02.06.01.01|
|I052||BAL_12401010001               |
|I050|31122024|01|A|6|12401010002|1240101|Apollo|
|I051||1.02.06.01.01|
|I052||BAL_12401010002               |
|I050|31122024|01|A|6|12401010003|1240101|Arena|
|I051||1.02.06.01.01|
|I052||BAL_12401010003               |
|I050|31122024|01|A|6|12401010004|1240101|BID|
|I051||1.02.06.01.01|
|I052||BAL_12401010004               |
|I050|31122024|01|A|6|12401010005|1240101|BSG|
|I051||1.02.06.01.01|
|I052||BAL_12401010005               |
|I050|31122024|01|A|6|12401010006|1240101|Cameco|
|I051||1.02.06.01.01|
|I052||BAL_12401010006               |
|I050|31122024|01|A|6|12401010007|1240101|Cia Ipiranga|
|I051||1.02.06.01.01|
|I052||BAL_12401010007               |
|I050|31122024|01|A|6|12401010008|1240101|Easy Consórcio|
|I051||1.02.06.01.01|
|I052||BAL_12401010008               |
|I050|31122024|01|A|6|12401010009|1240101|Ellebank|
|I051||1.02.06.01.01|
|I052||BAL_12401010009               |
|I050|31122024|01|A|6|12401010010|1240101|Footcoin|
|I051||1.02.06.01.01|
|I052||BAL_12401010010               |
|I050|31122024|01|A|6|12401010011|1240101|Go Sports|
|I051||1.02.06.01.01|
|I052||BAL_12401010011               |
|I050|31122024|01|A|6|12401010012|1240101|GOTCHA|
|I051||1.02.06.01.01|
|I052||BAL_12401010012               |
|I050|31122024|01|A|6|12401010013|1240101|HEALTHX|
|I051||1.02.06.01.01|
|I052||BAL_12401010013               |
|I050|31122024|01|A|6|12401010014|1240101|Mutuo KSA|
|I051||1.02.06.01.01|
|I052||BAL_12401010014               |
|I050|31122024|01|A|6|12401010015|1240101|Igglu|
|I051||1.02.06.01.01|
|I052||BAL_12401010015               |
|I050|31122024|01|A|6|12401010016|1240101|K3|
|I051||1.02.06.01.01|
|I052||BAL_12401010016               |
|I050|31122024|01|A|6|12401010017|1240101|Kipstone Ltda|
|I051||1.02.06.01.01|
|I052||BAL_12401010017               |
|I050|31122024|01|A|6|12401010018|1240101|LM|
|I051||1.02.06.01.01|
|I052||BAL_12401010018               |
|I050|31122024|01|A|6|12401010019|1240101|NASHBIT|
|I051||1.02.06.01.01|
|I052||BAL_12401010019               |
|I050|31122024|01|A|6|12401010020|1240101|Sanfran|
|I051||1.02.06.01.01|
|I052||BAL_12401010020               |
|I050|31122024|01|A|6|12401010021|1240101|Sanfran Insurance|
|I051||1.02.06.01.01|
|I052||BAL_12401010021               |
|I050|31122024|01|A|6|12401010022|1240101|Kipstone S/A|
|I051||1.02.06.01.01|
|I052||BAL_12401010022               |
|I050|31122024|01|A|6|12401010023|1240101|ShinBank|
|I051||1.02.06.01.01|
|I052||BAL_12401010023               |
|I050|31122024|01|A|6|12401010024|1240101|Tribally|
|I051||1.02.06.01.01|
|I052||BAL_12401010024               |
|I050|31122024|01|A|6|12401010025|1240101|Tribally e-Sports|
|I051||1.02.06.01.01|
|I052||BAL_12401010025               |
|I050|31122024|01|A|6|12401011001|1240101|(-) Amortizaēćo Algoo|
|I051||1.02.06.01.31|
|I052||BAL_12401011001               |
|I050|31122024|01|A|6|12401011002|1240101|(-) Amortizaēćo Apollo|
|I051||1.02.06.01.31|
|I052||BAL_12401011002               |
|I050|31122024|01|A|6|12401011003|1240101|(-) Amortizaēćo Arena|
|I051||1.02.06.01.31|
|I052||BAL_12401011003               |
|I050|31122024|01|A|6|12401011004|1240101|(-) Amortizaēćo BID|
|I051||1.02.06.01.31|
|I052||BAL_12401011004               |
|I050|31122024|01|A|6|12401011005|1240101|(-) Amortizaēćo BSG|
|I051||1.02.06.01.31|
|I052||BAL_12401011005               |
|I050|31122024|01|A|6|12401011006|1240101|(-) Amortizaēćo Cameco|
|I051||1.02.06.01.31|
|I052||BAL_12401011006               |
|I050|31122024|01|A|6|12401011007|1240101|(-) Amortizaēćo Cia Ipiranga|
|I051||1.02.06.01.31|
|I052||BAL_12401011007               |
|I050|31122024|01|A|6|12401011008|1240101|(-) Amortizaēćo Easy Consórcio|
|I051||1.02.06.01.31|
|I052||BAL_12401011008               |
|I050|31122024|01|A|6|12401011009|1240101|(-) Amortizaēćo Ellebank|
|I051||1.02.06.01.31|
|I052||BAL_12401011009               |
|I050|31122024|01|A|6|12401011010|1240101|(-) Amortizaēćo Footcoin|
|I051||1.02.06.01.31|
|I052||BAL_12401011010               |
|I050|31122024|01|A|6|12401011011|1240101|(-) Amortizaēćo Go Sports|
|I051||1.02.06.01.31|
|I052||BAL_12401011011               |
|I050|31122024|01|A|6|12401011012|1240101|(-) Amortizaēćo GOTCHA|
|I051||1.02.06.01.31|
|I052||BAL_12401011012               |
|I050|31122024|01|A|6|12401011013|1240101|(-) Amortizaēćo HEALTHX|
|I051||1.02.06.01.31|
|I052||BAL_12401011013               |
|I050|31122024|01|A|6|12401011014|1240101|(-) Amortizaēćo Hotelsys|
|I051||1.02.06.01.31|
|I052||BAL_12401011014               |
|I050|31122024|01|A|6|12401011015|1240101|(-) Amortizaēćo Igglu|
|I051||1.02.06.01.31|
|I052||BAL_12401011015               |
|I050|31122024|01|A|6|12401011016|1240101|(-) Amortizaēćo K3|
|I051||1.02.06.01.31|
|I052||BAL_12401011016               |
|I050|31122024|01|A|6|12401011017|1240101|(-) Amortizaēćo Kipstone Ltda|
|I051||1.02.06.01.31|
|I052||BAL_12401011017               |
|I050|31122024|01|A|6|12401011018|1240101|(-) Amortizaēćo LM|
|I051||1.02.06.01.31|
|I052||BAL_12401011018               |
|I050|31122024|01|A|6|12401011019|1240101|(-) Amortizaēćo NASHBIT|
|I051||1.02.06.01.31|
|I052||BAL_12401011019               |
|I050|31122024|01|A|6|12401011020|1240101|(-) Amortizaēćo Sanfran|
|I051||1.02.06.01.31|
|I052||BAL_12401011020               |
|I050|31122024|01|A|6|12401011021|1240101|(-) Amortizaēćo Sanfran Insur.|
|I051||1.02.06.01.31|
|I052||BAL_12401011021               |
|I050|31122024|01|A|6|12401011022|1240101|(-) Amortizaēćo Kipstone S/A|
|I051||1.02.06.01.31|
|I052||BAL_12401011022               |
|I050|31122024|01|A|6|12401011023|1240101|(-) Amortizaēćo ShinBank|
|I051||1.02.06.01.31|
|I052||BAL_12401011023               |
|I050|31122024|01|A|6|12401011024|1240101|(-) Amortizaēćo Tribally|
|I051||1.02.06.01.01|
|I052||BAL_12401011024               |
|I050|31122024|01|A|6|12401011025|1240101|(-) Amortizaēćo Tribally e-Sports|
|I051||1.02.06.01.01|
|I052||BAL_12401011025               |
|I050|31122024|02|S|1|2||PASSIVO|
|I050|31122024|02|S|2|21|2|Circulante|
|I050|31122024|02|S|3|211|21|Obrigaēões Circulantes|
|I050|31122024|02|S|4|21101|211|Obrigaēões Curto Prazo|
|I050|31122024|02|S|5|2110101|21101|Fornecedores|
|I050|31122024|02|A|6|21101010001|2110101|Fornecedores No Pais|
|I051||2.01.01.03.01|
|I052||BAL_21101010001               |
|I050|31122024|02|S|5|2110102|21101|Contas a Pagar|
|I050|31122024|02|A|6|21101020001|2110102|Telefonia a Pagar|
|I051||2.01.01.05.90|
|I052||BAL_21101020001               |
|I050|31122024|02|A|6|21101020002|2110102|Alugueis a Pagar|
|I051||2.01.01.05.90|
|I052||BAL_21101020002               |
|I050|31122024|02|A|6|21101020003|2110102|Honor. Contabeis a Pagar|
|I051||2.01.01.05.90|
|I052||BAL_21101020003               |
|I050|31122024|02|A|6|21101020004|2110102|Energia Eletrica a Pagar|
|I051||2.01.01.05.90|
|I052||BAL_21101020004               |
|I050|31122024|02|S|5|2110103|21101|Empréstimos e Financiamentos|
|I050|31122024|02|A|6|21101030008|2110103|Emprestimos de Terceiros|
|I051||2.01.01.17.01|
|I052||BAL_21101030008               |
|I050|31122024|02|A|6|21101030009|2110103|Emprestimos de Socios|
|I051||2.01.01.17.03|
|I052||BAL_21101030009               |
|I050|31122024|02|A|6|21101030011|2110103|Financiamento Bancįrio|
|I051||2.01.01.07.02|
|I052||BAL_21101030011               |
|I050|31122024|02|S|5|2110104|21101|Obrigaēões Trabalhistas|
|I050|31122024|02|A|6|21101040001|2110104|Salarios Ordenados a Pagar|
|I051||2.01.01.01.01|
|I052||BAL_21101040001               |
|I050|31122024|02|A|6|21101040002|2110104|Férias a Pagar|
|I051||2.01.01.15.03|
|I052||BAL_21101040002               |
|I050|31122024|02|A|6|21101040003|2110104|Pro Labore a Pagar|
|I051||2.01.01.01.01|
|I052||BAL_21101040003               |
|I050|31122024|02|A|6|21101040004|2110104|13. Salario a Pagar|
|I051||2.01.01.01.01|
|I052||BAL_21101040004               |
|I050|31122024|02|A|6|21101040005|2110104|Rescisoes a Pagar|
|I051||2.01.01.01.60|
|I052||BAL_21101040005               |
|I050|31122024|02|S|5|2110105|21101|Encargos Sociais a Pagar|
|I050|31122024|02|A|6|21101050001|2110105|INSS a Recolher|
|I051||2.01.01.01.03|
|I052||BAL_21101050001               |
|I050|31122024|02|A|6|21101050002|2110105|FGTS a Recolher|
|I051||2.01.01.01.04|
|I052||BAL_21101050002               |
|I050|31122024|02|S|5|2110106|21101|Tributos a Pagar|
|I050|31122024|02|A|6|21101060001|2110106|PIS a Recolher|
|I051||2.01.01.09.04|
|I052||BAL_21101060001               |
|I050|31122024|02|A|6|21101060002|2110106|COFINS a Recolher|
|I051||2.01.01.09.05|
|I052||BAL_21101060002               |
|I050|31122024|02|A|6|21101060003|2110106|Impostos Parcelados|
|I051||2.02.01.03.01|
|I052||BAL_21101060003               |
|I050|31122024|02|A|6|21101060004|2110106|IRRF s/Salarios a Recolher|
|I051||2.01.01.09.01|
|I052||BAL_21101060004               |
|I050|31122024|02|A|6|21101060005|2110106|IRRF 13°Salario a Recolher|
|I051||2.01.01.09.01|
|I052||BAL_21101060005               |
|I050|31122024|02|A|6|21101060006|2110106|IRRF NF a Recolher|
|I051||2.01.01.09.01|
|I052||BAL_21101060006               |
|I050|31122024|02|A|6|21101060007|2110106|Retencoes PIS/Confins/Csll|
|I051||2.01.01.09.28|
|I052||BAL_21101060007               |
|I050|31122024|02|S|5|2110109|21101|Provisćo IRPJ e CSLL|
|I050|31122024|02|A|6|21101090001|2110109|Provisao IRPJ|
|I051||2.01.01.15.01|
|I052||BAL_21101090001               |
|I050|31122024|02|A|6|21101090002|2110109|Provisao CSLL|
|I051||2.01.01.15.02|
|I052||BAL_21101090002               |
|I050|31122024|02|S|5|2110112|21101|Lucros a Distribuir|
|I050|31122024|02|A|6|21101120001|2110112|Dividendos a Pagar|
|I051||2.01.01.17.13|
|I052||BAL_21101120001               |
|I050|31122024|02|A|6|21101120002|2110112|Bonificaēões e PLR|
|I051||2.01.01.17.13|
|I052||BAL_21101120002               |
|I050|31122024|02|A|6|21101120011|2110112|José Rozinei|
|I051||2.01.01.17.13|
|I052||BAL_21101120011               |
|I050|31122024|02|S|2|22|2|Exigķvel a Longo Prazo|
|I050|31122024|02|S|3|221|22|Obrigaēões Longo Prazo|
|I050|31122024|02|S|4|22101|221|Obrigaēões Longo Prazo|
|I050|31122024|02|S|5|2210101|22101|Contas Pagar|
|I050|31122024|02|A|6|22101010001|2210101|Contas a Pagar|
|I051||2.01.01.07.02|
|I052||BAL_22101010001               |
|I050|31122024|02|A|6|22101010002|2210101|Cauēćo de Aluguéis|
|I051||2.02.01.11.28|
|I052||BAL_22101010002               |
|I050|31122024|02|S|5|2210102|22101|Imoveis Adq Terceiros|
|I050|31122024|02|A|6|22101020001|2210102|Obrig Partes Nćo Relacionadas|
|I051||2.02.01.03.01|
|I052||BAL_22101020001               |
|I050|31122024|02|A|6|22101020002|2210102|Bertioga 88|
|I051||2.02.01.11.02|
|I052||BAL_22101020002               |
|I050|31122024|02|A|6|22101020003|2210102|Footcoin|
|I051||2|
|I052||BAL_22101020003               |
|I050|31122024|02|A|6|22101020017|2210102|Bertioga 92|
|I051||2.02.01.11.03|
|I052||BAL_22101020017               |
|I050|31122024|02|A|6|22101020018|2210102|Ellebank Ltda|
|I051||2|
|I052||BAL_22101020018               |
|I050|31122024|02|A|6|22101020030|2210102|Terreno em Cotia|
|I051||2.02.01.11.02|
|I052||BAL_22101020030               |
|I050|31122024|02|S|5|2210103|22101|Mśtuo Ligadas|
|I050|31122024|02|A|6|22101030001|2210103|Mśtuo Partes Relac Cotia|
|I051||2.02.01.11.03|
|I052||BAL_22101030001               |
|I050|31122024|02|A|6|22101030002|2210103|Mśtuo AJS|
|I051||2.02.01.11.03|
|I052||BAL_22101030002               |
|I050|31122024|02|A|6|22101030003|2210103|Mśtuo Algoo|
|I051||2.02.01.11.03|
|I052||BAL_22101030003               |
|I050|31122024|02|A|6|22101030004|2210103|Mśtuo Apollo|
|I051||2.02.01.11.03|
|I052||BAL_22101030004               |
|I050|31122024|02|A|6|22101030005|2210103|Mśtuo BID|
|I051||2.02.01.11.03|
|I052||BAL_22101030005               |
|I050|31122024|02|A|6|22101030006|2210103|Mśtuo BSG|
|I051||2.02.01.11.03|
|I052||BAL_22101030006               |
|I050|31122024|02|A|6|22101030007|2210103|Mśtuo Cameco|
|I051||2.02.01.11.03|
|I052||BAL_22101030007               |
|I050|31122024|02|A|6|22101030008|2210103|Mśtuo CSA|
|I051||2.02.01.11.03|
|I052||BAL_22101030008               |
|I050|31122024|02|A|6|22101030009|2210103|Mśtuo Ellebank|
|I051||2.02.01.11.03|
|I052||BAL_22101030009               |
|I050|31122024|02|A|6|22101030010|2210103|Mśtuo Footcoin|
|I051||2.02.01.11.03|
|I052||BAL_22101030010               |
|I050|31122024|02|A|6|22101030011|2210103|Mśtuo Go Sports|
|I051||2.02.01.11.03|
|I052||BAL_22101030011               |
|I050|31122024|02|A|6|22101030012|2210103|Mśtuo GOTCHA|
|I051||2.02.01.11.03|
|I052||BAL_22101030012               |
|I050|31122024|02|A|6|22101030013|2210103|Mśtuo HEALTHX|
|I051||2.02.01.11.03|
|I052||BAL_22101030013               |
|I050|31122024|02|A|6|22101030014|2210103|Mśtuo HMG|
|I051||2.02.01.11.03|
|I052||BAL_22101030014               |
|I050|31122024|02|A|6|22101030015|2210103|Mśtuo Hotelsys|
|I051||2.02.01.11.03|
|I052||BAL_22101030015               |
|I050|31122024|02|A|6|22101030016|2210103|Mśtuo Igglu|
|I051||2.02.01.11.03|
|I052||BAL_22101030016               |
|I050|31122024|02|A|6|22101030017|2210103|Mśtuo JRS|
|I051||2.02.01.11.03|
|I052||BAL_22101030017               |
|I050|31122024|02|A|6|22101030018|2210103|Mśtuo Kipstone Ltda|
|I051||2.02.01.11.03|
|I052||BAL_22101030018               |
|I050|31122024|02|A|6|22101030019|2210103|Mśtuo Arena|
|I051||2.02.01.11.03|
|I052||BAL_22101030019               |
|I050|31122024|02|A|6|22101030020|2210103|Mśtuo NASHBIT|
|I051||2.02.01.11.03|
|I052||BAL_22101030020               |
|I050|31122024|02|A|6|22101030021|2210103|Mśtuo Nei|
|I051||2.02.01.11.03|
|I052||BAL_22101030021               |
|I050|31122024|02|A|6|22101030022|2210103|Mśtuo Sanfran|
|I051||2.02.01.11.03|
|I052||BAL_22101030022               |
|I050|31122024|02|A|6|22101030023|2210103|Mśtuo Sanfran Insurance|
|I051||2.02.01.11.03|
|I052||BAL_22101030023               |
|I050|31122024|02|A|6|22101030024|2210103|Mśtuo ShinBank|
|I051||2.02.01.11.03|
|I052||BAL_22101030024               |
|I050|31122024|02|A|6|22101030025|2210103|Mśtuo Kipstone S/A|
|I051||2.02.01.11.03|
|I052||BAL_22101030025               |
|I050|31122024|02|S|5|2210104|22101|Mśtuo Kipstone S/A Incorp|
|I050|31122024|02|A|6|22101040004|2210104|St Paris Ap 1101|
|I051||2.01.01.17.03|
|I052||BAL_22101040004               |
|I050|31122024|02|A|6|22101040005|2210104|Loft Sćo Paulo Cob1V|
|I051||2.01.01.17.03|
|I052||BAL_22101040005               |
|I050|31122024|02|A|6|22101040006|2210104|Casablanca Ecoville 1602|
|I051||2.01.01.17.03|
|I052||BAL_22101040006               |
|I050|31122024|02|A|6|22101040007|2210104|Regency Florianópolis 3B|
|I051||2.01.01.17.03|
|I052||BAL_22101040007               |
|I050|31122024|02|A|6|22101040008|2210104|Palais Royal 31|
|I051||2.01.01.17.03|
|I052||BAL_22101040008               |
|I050|31122024|02|A|6|22101040009|2210104|North York Sob35|
|I051||2.01.01.17.03|
|I052||BAL_22101040009               |
|I050|31122024|02|A|6|22101040010|2210104|Iporanga Guaruja Q4-L19|
|I051||2.01.01.17.03|
|I052||BAL_22101040010               |
|I050|31122024|02|A|6|22101040011|2210104|Landmark 138-A|
|I051||2.01.01.17.03|
|I052||BAL_22101040011               |
|I050|31122024|02|A|6|22101040012|2210104|Landmark 139-A|
|I051||2.01.01.17.03|
|I052||BAL_22101040012               |
|I050|31122024|02|A|6|22101040013|2210104|Landmark 137-A|
|I051||2.01.01.17.03|
|I052||BAL_22101040013               |
|I050|31122024|02|A|6|22101040015|2210104|Bertioga 62|
|I051||2.01.01.17.03|
|I052||BAL_22101040015               |
|I050|31122024|02|A|6|22101040019|2210104|Casa Sauternes|
|I051||2.01.01.17.03|
|I052||BAL_22101040019               |
|I050|31122024|02|A|6|22101040020|2210104|Casa Las Piedras|
|I051||2.01.01.17.03|
|I052||BAL_22101040020               |
|I050|31122024|02|S|3|225|22|AFAC|
|I050|31122024|02|S|4|22501|225|AFAC|
|I050|31122024|02|S|5|2250101|22501|Adiant Futuro Aumento Capital|
|I050|31122024|02|A|6|22501010001|2250101|Adiant Futuro Aumento Capital|
|I051||2.02.01.11.13|
|I052||BAL_22501010001               |
|I050|31122024|03|S|2|23|2|Patrimōnio Lķquido|
|I050|31122024|03|S|3|231|23|Capital Social|
|I050|31122024|03|S|4|23101|231|Capital Social|
|I050|31122024|03|S|5|2310101|23101|Capital Realizado|
|I050|31122024|03|A|6|23101010001|2310101|Capital Social Subscrito|
|I051||2.03.01.01.01|
|I052||BAL_23101010001               |
|I050|31122024|03|A|6|23101010002|2310101|Capital Realizado Imóveis|
|I051||2.03.01.01.01|
|I052||BAL_23101010002               |
|I050|31122024|03|S|5|2310102|23101|Adiantamento para Aumento Capital|
|I050|31122024|03|A|6|23101020001|2310102|AFAC - KSA|
|I051||2.02.01.11.02|
|I052||BAL_23101020001               |
|I050|31122024|03|A|6|23101020002|2310102|AFAC KSA|
|I051||2.02.01.11.02|
|I052||BAL_23101020002               |
|I050|31122024|03|S|3|232|23|Reservas de Capital|
|I050|31122024|03|S|4|23201|232|Reservas de Capital|
|I050|31122024|03|S|5|2320101|23201|Reservas de Capital|
|I050|31122024|03|A|6|23201010001|2320101|Reservas de Įgio|
|I051||2.03.02.01.01|
|I052||BAL_23201010001               |
|I050|31122024|03|A|6|23201010002|2320101|Resrvas de Equivalźncia|
|I051||2.03.02.01.99|
|I052||BAL_23201010002               |
|I050|31122024|03|S|3|233|23|Lucros ou Prejuķzos Acumulados|
|I050|31122024|03|S|4|23301|233|Lucros/Prejuķzos Acumulados|
|I050|31122024|03|S|5|2330101|23301|Lucros Acumulados|
|I050|31122024|03|A|6|23301010001|2330101|Lucros Acumulados|
|I051||2.03.04.01.01|
|I052||BAL_23301010001               |
|I050|31122024|03|A|6|23301010002|2330101|Do Exercicio|
|I051||2.03.04.01.01|
|I052||BAL_23301010002               |
|I050|31122024|03|A|6|23301010003|2330101|Lucros Distribuidos|
|I051||2.03.04.01.01|
|I052||BAL_23301010003               |
|I050|31122024|03|A|6|23301010005|2330101|Prejuķzo Projetos Investidos|
|I051||2.03.04.01.11|
|I052||BAL_23301010005               |
|I050|31122024|03|S|5|2330102|23301|Lucros/Prejuķzos do Exercķcio|
|I050|31122024|03|A|6|23301020001|2330102|Do Exercķcio|
|I051||2.03.04.01.01|
|I052||BAL_23301020001               |
|I050|31122024|04|S|1|3||Receitas|
|I050|31122024|04|S|2|31|3|Receitas Operacionais|
|I050|31122024|04|S|3|311|31|Receitas Operacionais|
|I050|31122024|04|S|4|31101|311|Receita com Locaēćo|
|I050|31122024|04|S|5|3110101|31101|Receita Locaēćo Imóveis|
|I050|31122024|04|A|6|31101010001|3110101|Receita Locaēćo Imóveis|
|I051||3.01.01.01.01.08|
|I052||DRE_002_RB_31101010001        |
|I050|31122024|04|S|5|3110102|31101|Custo dos Imóveis em Locaēćo|
|I050|31122024|04|A|6|31101020001|3110102|Impostos e Taxas|
|I051||3.01.01.01.01.08|
|I052||DRE_005_DR_31101020001        |
|I050|31122024|04|A|6|31101020002|3110102|Condomķnio|
|I051||3.01.01.01.01.08|
|I052||DRE_006_DR_31101020002        |
|I050|31122024|04|A|6|31101020003|3110102|Manutenēćo e Conservaēćo|
|I051||3.01.01.01.01.08|
|I052||DRE_007_DR_31101020003        |
|I050|31122024|04|A|6|31101020004|3110102|Seguranēa|
|I051||3.01.01.01.01.08|
|I052||DRE_DR_31101020004            |
|I050|31122024|04|A|6|31101020005|3110102|Despesas Legais e Cartoriais|
|I051||3.01.01.01.01.08|
|I052||DRE_009_DR_31101020005        |
|I050|31122024|04|S|4|31103|311|Receita com Serviēos|
|I050|31122024|04|S|5|3110301|31103|Prestaēćo de Serviēos|
|I050|31122024|04|A|6|31103010003|3110301|Serviēos Prestados|
|I051||3.01.01.01.01.06|
|I052||DRE_RB_31103010003            |
|I050|31122024|04|S|4|31104|311|Deduēões da Receita|
|I050|31122024|04|S|5|3110401|31104|Impostos s/ Serviēos Faturados|
|I050|31122024|04|A|6|31104010001|3110401|ISS|
|I051||3.01.01.01.02.06|
|I052||DRE_DR_31104010001            |
|I050|31122024|04|A|6|31104010002|3110401|PIS|
|I051||3.01.01.01.02.05|
|I052||DRE_DR_31104010002            |
|I050|31122024|04|A|6|31104010003|3110401|COFINS|
|I051||3.01.01.01.02.04|
|I052||DRE_DR_31104010003            |
|I050|31122024|04|A|6|31104010004|3110401|Multas e Juros|
|I051||3.01.01.01.02.09|
|I052||DRE_DR_31104010004            |
|I050|31122024|04|S|2|32|3|Receitas Financeiras|
|I050|31122024|04|S|3|321|32|Receitas Financeiras|
|I050|31122024|04|S|4|32101|321|Receitas Aplic Financeiras|
|I050|31122024|04|S|5|3210101|32101|Receitas Aplic Financeiras|
|I050|31122024|04|A|6|32101010001|3210101|Receitas Aplic Financeiras|
|I051||3.01.01.07.01.22|
|I052||DRE_DO1_32101010001           |
|I050|31122024|04|S|4|32102|321|Outras Receitas Financeiras|
|I050|31122024|04|S|5|3210201|32102|Outras Receitas Financeiras|
|I050|31122024|04|A|6|32102010001|3210201|Juros Auferidos|
|I051||3.01.01.05.01.05|
|I052||DRE_DO1_32102010001           |
|I050|31122024|04|A|6|32102010002|3210201|Descontos Obtidos|
|I051||3.01.01.05.01.05|
|I052||DRE_DO1_32102010002           |
|I050|31122024|04|S|4|32103|321|Recuperaēćo de Despesas|
|I050|31122024|04|S|5|3210301|32103|Recuperaēćo de Despesas|
|I050|31122024|04|A|6|32103010001|3210301|Recuperaēćo de Despesas|
|I051||3.01.01.05.01.05|
|I052||DRE_RN1_32103010001           |
|I050|31122024|04|S|4|32104|321|Receita Venda de Imobilizado|
|I050|31122024|04|S|5|3210401|32104|Venda de Imobilizado|
|I050|31122024|04|S|1|4||Despesas|
|I050|31122024|04|S|2|42|4|Despesas Gerais|
|I050|31122024|04|S|3|421|42|Despesas Operacionais|
|I050|31122024|04|S|4|42101|421|Gastos com Pessoal|
|I050|31122024|04|S|5|4210101|42101|Salįrios e Benefķcios|
|I050|31122024|04|A|6|42101010001|4210101|Salarios|
|I051||3.01.01.07.01.02|
|I052||DRE_DO0_42101010001           |
|I050|31122024|04|A|6|42101010002|4210101|Pro-Labore|
|I051||3.01.01.07.01.01|
|I052||DRE_DO0_42101010002           |
|I050|31122024|04|A|6|42101010003|4210101|Bonificaēões e PLR|
|I051||3.01.05.01.01.01|
|I052||DRE_DO0_42101010003           |
|I050|31122024|04|A|6|42101010004|4210101|Aviso Previo Indenizado|
|I051||3.01.01.07.01.02|
|I052||DRE_DO0_42101010004           |
|I050|31122024|04|A|6|42101010005|4210101|Ferias Indenizadas|
|I051||3.01.01.07.01.26|
|I052||DRE_DO0_42101010005           |
|I050|31122024|04|A|6|42101010006|4210101|Assist. Medica/Odontologica|
|I051||3.01.01.07.01.33|
|I052||DRE_024_DO0_42101010006       |
|I050|31122024|04|A|6|42101010007|4210101|Vale Transporte|
|I051||3.01.01.07.01.02|
|I052||DRE_DO0_42101010007           |
|I050|31122024|04|A|6|42101010008|4210101|Vale Refeicao|
|I051||3.01.01.07.01.13|
|I052||DRE_DO0_42101010008           |
|I050|31122024|04|A|6|42101010009|4210101|Bolsa Auxilio|
|I051||3.01.01.07.01.02|
|I052||DRE_DO0_42101010009           |
|I050|31122024|04|A|6|42101010010|4210101|Cursos Treinamentos e Formaēćo|
|I051||3.01.01.07.01.02|
|I052||DRE_028_DO0_42101010010       |
|I050|31122024|04|A|6|42101010011|4210101|Verbas Rescisórias|
|I051||3.01.01.07.01.02|
|I052||DRE_DO0_42101010011           |
|I050|31122024|04|S|5|4210102|42101|Encargos sobre Folha|
|I050|31122024|04|A|6|42101020001|4210102|INSS|
|I051||3.01.01.07.01.05|
|I052||DRE_030_DO0_42101020001       |
|I050|31122024|04|A|6|42101020002|4210102|INSS s/ Pro Labore|
|I051||3.01.01.07.01.05|
|I052||DRE_DO0_42101020002           |
|I050|31122024|04|A|6|42101020003|4210102|FGTS|
|I051||3.01.01.07.01.06|
|I052||DRE_DO0_42101020003           |
|I050|31122024|04|A|6|42101020004|4210102|FGTS Multa Rescisória|
|I051||3.01.01.07.01.06|
|I052||DRE_DO0_42101020004           |
|I050|31122024|04|A|6|42101020005|4210102|Ferias|
|I051||3.01.01.07.01.26|
|I052||DRE_DO0_42101020005           |
|I050|31122024|04|A|6|42101020006|4210102|13° Salario|
|I051||3.01.01.07.01.27|
|I052||DRE_DO0_42101020006           |
|I050|31122024|04|A|6|42101020007|4210102|INSS s/Férias e 13ŗ|
|I051||3.01.01.07.01.05|
|I052||DRE_DO0_42101020007           |
|I050|31122024|04|A|6|42101020008|4210102|FGTS s/Férias e 13ŗ|
|I051||3.01.01.07.01.06|
|I052||DRE_DO0_42101020008           |
|I050|31122024|04|A|6|42101020009|4210102|Encargos sobre Indenizaēões|
|I051||3.01.01.07.01.07|
|I052||DRE_DO0_42101020009           |
|I050|31122024|04|A|6|42101020010|4210102|Sat-Seguro Acidente Trabalho|
|I051||3.01.01.07.01.07|
|I052||DRE_DO0_42101020010           |
|I050|31122024|04|A|6|42101020011|4210102|Encargos Terceiros|
|I051||3.01.01.07.01.07|
|I052||DRE_DO0_42101020011           |
|I050|31122024|04|S|4|42103|421|Despesas Administrativas|
|I050|31122024|04|S|5|4210301|42103|Despesas Administrativas|
|I050|31122024|04|A|6|42103010001|4210301|Aluguel|
|I051||3.01.01.07.01.18|
|I052||DRE_041_DO0_42103010001       |
|I050|31122024|04|A|6|42103010002|4210301|Aluguel de Depósito|
|I051||3.01.01.07.01.18|
|I052||DRE_DO0_42103010002           |
|I050|31122024|04|A|6|42103010003|4210301|Aluguel de Equipamentos|
|I051||3.01.01.07.01.18|
|I052||DRE_DO0_42103010003           |
|I050|31122024|04|A|6|42103010004|4210301|Associaēões de Classe|
|I051||3.01.01.09.01.99|
|I052||DRE_044_DO0_42103010004       |
|I050|31122024|04|A|6|42103010005|4210301|Condominios|
|I051||3.01.01.09.01.99|
|I052||DRE_045_DO0_42103010005       |
|I050|31122024|04|A|6|42103010006|4210301|Conduēões e Estacionamento|
|I051||3.01.01.09.01.99|
|I052||DRE_DO0_42103010006           |
|I050|31122024|04|A|6|42103010007|4210301|Confraternizaēões e Eventos|
|I051||3.01.01.09.01.99|
|I052||DRE_DO0_42103010007           |
|I050|31122024|04|A|6|42103010008|4210301|Custas Judiciais|
|I051||3.01.01.09.01.99|
|I052||DRE_DO0_42103010008           |
|I050|31122024|04|A|6|42103010009|4210301|Despesas Com Viagens|
|I051||3.01.01.09.01.99|
|I052||DRE_DO0_42103010009           |
|I050|31122024|04|A|6|42103010010|4210301|Despesas de Cartorio|
|I051||3.01.01.09.01.99|
|I052||DRE_050_DO0_42103010010       |
|I050|31122024|04|A|6|42103010011|4210301|Despesas Legais e Judiciais|
|I051||3.01.01.09.01.99|
|I052||DRE_DO0_42103010011           |
|I050|31122024|04|A|6|42103010012|4210301|Despesas Postais|
|I051||3.01.01.07.01.39|
|I052||DRE_DO0_42103010012           |
|I050|31122024|04|A|6|42103010013|4210301|Energia Eletrica|
|I051||3.01.01.07.01.36|
|I052||DRE_053_DO0_42103010013       |
|I050|31122024|04|A|6|42103010014|4210301|Estacionamento|
|I051||3.01.01.09.01.99|
|I052||DRE_DO0_42103010014           |
|I050|31122024|04|A|6|42103010015|4210301|Honorarios Advocaticios|
|I051||3.01.01.09.01.99|
|I052||DRE_DO0_42103010015           |
|I050|31122024|04|A|6|42103010016|4210301|Honorarios Contabeis|
|I051||3.01.01.09.01.99|
|I052||DRE_DO0_42103010016           |
|I050|31122024|04|A|6|42103010017|4210301|Imobilizados de Baixo Valor|
|I051||3.01.01.07.01.35|
|I052||DRE_DO0_42103010017           |
|I050|31122024|04|A|6|42103010018|4210301|Impressos e Cópias|
|I051||3.01.01.09.01.99|
|I052||DRE_DO0_42103010018           |
|I050|31122024|04|A|6|42103010019|4210301|ITBI|
|I051||3.01.01.07.01.16|
|I052||DRE_059_DO0_42103010019       |
|I050|31122024|04|A|6|42103010020|4210301|IPTU, ITR e Incra|
|I051||3.01.01.07.01.16|
|I052||DRE_060_DO0_42103010020       |
|I050|31122024|04|A|6|42103010021|4210301|Agua e Esgoto|
|I051||3.01.01.09.01.99|
|I052||DRE_061_DO0_42103010021       |
|I050|31122024|04|A|6|42103010023|4210301|Manutencao de Hardware|
|I051||3.01.01.09.01.99|
|I052||DRE_DO0_42103010023           |
|I050|31122024|04|A|6|42103010024|4210301|Manutencao de Software|
|I051||3.01.01.09.01.99|
|I052||DRE_DO0_42103010024           |
|I050|31122024|04|A|6|42103010025|4210301|Manutenēćo/Reparos Equipts|
|I051||3.01.01.09.01.99|
|I052||DRE_DO0_42103010025           |
|I050|31122024|04|A|6|42103010026|4210301|Marcas e Domķnios|
|I051||3.01.01.09.01.99|
|I052||DRE_065_DO0_42103010026       |
|I050|31122024|04|A|6|42103010027|4210301|Material de Escritorio|
|I051||3.01.01.09.01.99|
|I052||DRE_066_DO0_42103010027       |
|I050|31122024|04|A|6|42103010028|4210301|Obras, Reformas e Manutenēćo|
|I051||3.01.01.09.01.99|
|I052||DRE_067_DO0_42103010028       |
|I050|31122024|04|A|6|42103010029|4210301|Despesas com Tecnologia|
|I051||3.01.01.09.01.99|
|I052||DRE_DO0_42103010029           |
|I050|31122024|04|A|6|42103010030|4210301|Refeicao/Copa/Cozinha|
|I051||3.01.01.09.01.99|
|I052||DRE_DO0_42103010030           |
|I050|31122024|04|A|6|42103010031|4210301|Seguros|
|I051||3.01.01.07.01.40|
|I052||DRE_070_DO0_42103010031       |
|I050|31122024|04|A|6|42103010032|4210301|Limpeza Manutenēćo Conservaēćo|
|I051||3.01.01.09.01.99|
|I052||DRE_071_DO0_42103010032       |
|I050|31122024|04|A|6|42103010033|4210301|Servicos de Terceiros PJ|
|I051||3.01.01.09.01.99|
|I052||DRE_072_DO0_42103010033       |
|I050|31122024|04|A|6|42103010034|4210301|Taxas Diversas|
|I051||3.01.01.07.01.16|
|I052||DRE_073_DO0_42103010034       |
|I050|31122024|04|A|6|42103010035|4210301|Telefonia e Dados|
|I051||3.01.01.07.01.38|
|I052||DRE_074_DO0_42103010035       |
|I050|31122024|04|A|6|42103010036|4210301|Transporte de Documentos|
|I051||3.01.01.09.01.99|
|I052||DRE_DO0_42103010036           |
|I050|31122024|04|A|6|42103010038|4210301|Despesas com Veķculos|
|I051||3.01.01.07.01.19|
|I052||DRE_076_DO0_42103010038       |
|I050|31122024|04|A|6|42103010039|4210301|Taxas e Multas Detran|
|I051||3.01.01.07.01.19|
|I052||DRE_077_DO0_42103010039       |
|I050|31122024|04|A|6|42103010040|4210301|Ajuda de Custo|
|I051||3.01.01.07.01.13|
|I052||DRE_078_DO0_42103010040       |
|I050|31122024|04|A|6|42103010050|4210301|Depreciaēćo e Amortizaēćo|
|I051||3.01.01.07.01.23|
|I052||DRE_079_DO0_42103010050       |
|I050|31122024|04|S|3|422|42|Despesas Comerciais|
|I050|31122024|04|S|4|42201|422|Despesas com Pessoal|
|I050|31122024|04|S|5|4220101|42201|Salįrios e Comissões|
|I050|31122024|04|S|5|4220102|42201|Encargos sobre Folha|
|I050|31122024|04|S|4|42202|422|Despesas Comerciais Gerais|
|I050|31122024|04|S|5|4220201|42202|Despesas Comerciais Gerais|
|I050|31122024|04|A|6|42202010001|4220201|Propaganda e Publicidade|
|I051||3.01.01.07.01.20|
|I052||DRE_080_DO0_42202010001       |
|I050|31122024|04|A|6|42202010002|4220201|Descontos Concedidos|
|I051||3.01.01.09.01.08|
|I052||DRE_DO0_42202010002           |
|I050|31122024|04|A|6|42202010003|4220201|Comissões s/ Vendas - PJ|
|I051||3.01.01.09.01.08|
|I052||DRE_DO0_42202010003           |
|I050|31122024|04|S|3|423|42|Despesas Financeiras|
|I050|31122024|04|S|4|42301|423|Despesas Financeiras|
|I050|31122024|04|S|5|4230101|42301|Despesas Financeiras|
|I050|31122024|04|A|6|42301010001|4230101|Juros e Comissoes Bancarias|
|I051||3.01.01.09.01.08|
|I052||DRE_DO2_42301010001           |
|I050|31122024|04|A|6|42301010002|4230101|Juros de Mora|
|I051||3.01.01.09.01.08|
|I052||DRE_DO2_42301010002           |
|I050|31122024|04|A|6|42301010003|4230101|Juros s/Financiamento|
|I051||3.01.01.09.01.08|
|I052||DRE_DO2_42301010003           |
|I050|31122024|04|A|6|42301010004|4230101|IOF|
|I051||3.01.01.09.01.08|
|I052||DRE_DO2_42301010004           |
|I050|31122024|04|A|6|42301010005|4230101|Despesas Bancarias|
|I051||3.01.01.09.01.08|
|I052||DRE_102_DO2_42301010005       |
|I050|31122024|04|A|6|42301010006|4230101|IOF s/Aplicacao|
|I051||3.01.01.09.01.08|
|I052||DRE_DO2_42301010006           |
|I050|31122024|04|A|6|42301010007|4230101|Multa de Mora Fiscal|
|I051||3.01.01.09.01.08|
|I052||DRE_DO2_42301010007           |
|I050|31122024|04|S|2|43|4|Despesas com IRPJ e CSLL|
|I050|31122024|04|S|3|431|43|Impostos sobre o Lucro|
|I050|31122024|04|S|4|43101|431|Impostos sobre o Lucro|
|I050|31122024|04|S|5|4310101|43101|IRPJ e CSLL|
|I050|31122024|04|A|6|43101010001|4310101|IRPJ|
|I051||3.02.01.01.01.02|
|I052||DRE_PT1_43101010001           |
|I050|31122024|04|A|6|43101010002|4310101|CSLL|
|I051||3.02.01.01.01.01|
|I052||DRE_PT1_43101010002           |
|I050|31122024|09|S|2|49|4|Resultado do Exercķcio|
|I050|31122024|09|S|3|491|49|Resultado do Exercķcio|
|I050|31122024|09|S|4|49101|491|Resultado do Exercķcio|
|I050|31122024|09|S|5|4910101|49101|Resultado do Exercķcio|
|I050|31122024|09|A|6|49101010001|4910101|Apuraēćo de Resultado|
|I052||DRE__49101010001              |
|I075|1|Livre|
|I075|99999|Histórico Padrćo|
|I150|01012024|31012024|
|I155|11101010001||0|D|0|4198,39|4198,39|C|
|I155|11102010002||1,6|D|437738,97|437738,97|1,6|D|
|I155|11104030002||61444,82|D|284831,36|116284,97|229991,21|D|
|I155|11104030006||0|D|57000|0|57000|D|
|I155|11304010007||0|D|0|57000|57000|C|
|I155|11309010001||13078,18|D|0|0|13078,18|D|
|I155|11309010002||7846,91|D|0|0|7846,91|D|
|I155|12301010002||935810|D|0|0|935810|D|
|I155|12301010003||935810|D|0|0|935810|D|
|I155|12301010004||155000|D|0|0|155000|D|
|I155|12301010005||550000|D|0|0|550000|D|
|I155|12301010006||550000|D|0|0|550000|D|
|I155|12301010007||250000|D|0|0|250000|D|
|I155|12301010008||1203438|D|0|0|1203438|D|
|I155|12301010009||342000|D|0|0|342000|D|
|I155|12301010010||1670209,75|D|3313,9|0|1673523,65|D|
|I155|12301010011||1169141,48|D|0|0|1169141,48|D|
|I155|12301010012||1279651,94|D|0|0|1279651,94|D|
|I155|12301010013||1014790,82|D|0|0|1014790,82|D|
|I155|12301010014||800000|D|0|0|800000|D|
|I155|12301010015||369795,39|D|0|0|369795,39|D|
|I155|12301010016||950000|D|0|0|950000|D|
|I155|12301010017||950000|D|0|0|950000|D|
|I155|12301010018||355000|D|0|0|355000|D|
|I155|12301010019||470750,5|D|0|0|470750,5|D|
|I155|12301010020||6415282,82|D|0|0|6415282,82|D|
|I155|12301010021||790000|D|0|0|790000|D|
|I155|12301010022||120000|D|0|0|120000|D|
|I155|12301010023||1716192|D|0|0|1716192|D|
|I155|12301010024||390440,95|D|0|0|390440,95|D|
|I155|12301010099||2401695,06|C|0|0|2401695,06|C|
|I155|22101020002||877502,14|C|0|0|877502,14|C|
|I155|22101020017||873047,11|C|0|0|873047,11|C|
|I155|22101020030||800000|C|0|0|800000|C|
|I155|22101030002||55000|C|0|0|55000|C|
|I155|22101030018||562537,56|C|10000|264000|816537,56|C|
|I155|22101030021||62912,09|D|0|0|62912,09|D|
|I155|23101010001||10000|C|0|0|10000|C|
|I155|23101010002||1871620|C|0|0|1871620|C|
|I155|23101020002||18491483,9|C|0|0|18491483,9|C|
|I155|23301010001||1474992,41|D|939296,11|0|2414288,52|D|
|I155|23301010002||939296,11|D|0|939296,11|0|C|
|I155|31101010001||0|C|0|57454|57454|C|
|I155|31101020001||0|C|10767,27|0|10767,27|D|
|I155|31101020002||0|C|27493,42|0|27493,42|D|
|I155|31101020003||0|C|25435,65|0|25435,65|D|
|I155|42101010006||0|D|43896,6|0|43896,6|D|
|I155|42101020001||0|D|4053,7|0|4053,7|D|
|I155|42103010001||0|D|309|0|309|D|
|I155|42103010004||0|D|404|0|404|D|
|I155|42103010013||0|D|1171,73|0|1171,73|D|
|I155|42103010020||0|D|14753,83|0|14753,83|D|
|I155|42103010021||0|D|739,76|0|739,76|D|
|I155|42103010033||0|D|151,58|0|151,58|D|
|I155|42103010035||0|D|216,27|0|216,27|D|
|I155|42103010038||0|D|6158,48|0|6158,48|D|
|I155|42103010039||0|D|7979,76|0|7979,76|D|
|I155|42301010005||0|D|261,05|0|261,05|D|
|I150|01022024|29022024|
|I155|11101010001||4198,39|C|132321,71|102855,79|25267,53|D|
|I155|11102010002||1,6|D|375037,33|375037,33|1,6|D|
|I155|11104030002||229991,21|D|95159,35|230037,33|95113,23|D|
|I155|11104030006||57000|D|0|0|57000|D|
|I155|11304010007||57000|C|0|0|57000|C|
|I155|11309010001||13078,18|D|0|0|13078,18|D|
|I155|11309010002||7846,91|D|0|0|7846,91|D|
|I155|12301010002||935810|D|0|0|935810|D|
|I155|12301010003||935810|D|0|0|935810|D|
|I155|12301010004||155000|D|0|0|155000|D|
|I155|12301010005||550000|D|0|0|550000|D|
|I155|12301010006||550000|D|0|0|550000|D|
|I155|12301010007||250000|D|0|0|250000|D|
|I155|12301010008||1203438|D|0|0|1203438|D|
|I155|12301010009||342000|D|0|0|342000|D|
|I155|12301010010||1673523,65|D|18683,26|0|1692206,91|D|
|I155|12301010011||1169141,48|D|0|0|1169141,48|D|
|I155|12301010012||1279651,94|D|0|0|1279651,94|D|
|I155|12301010013||1014790,82|D|0|0|1014790,82|D|
|I155|12301010014||800000|D|0|0|800000|D|
|I155|12301010015||369795,39|D|0|0|369795,39|D|
|I155|12301010016||950000|D|0|0|950000|D|
|I155|12301010017||950000|D|0|0|950000|D|
|I155|12301010018||355000|D|0|0|355000|D|
|I155|12301010019||470750,5|D|0|0|470750,5|D|
|I155|12301010020||6415282,82|D|0|0|6415282,82|D|
|I155|12301010021||790000|D|0|0|790000|D|
|I155|12301010022||120000|D|0|0|120000|D|
|I155|12301010023||1716192|D|0|0|1716192|D|
|I155|12301010024||390440,95|D|0|0|390440,95|D|
|I155|12301010099||2401695,06|C|0|0|2401695,06|C|
|I155|22101020002||877502,14|C|0|0|877502,14|C|
|I155|22101020017||873047,11|C|0|0|873047,11|C|
|I155|22101020030||800000|C|0|0|800000|C|
|I155|22101030002||55000|C|0|0|55000|C|
|I155|22101030018||816537,56|C|0|130000|946537,56|C|
|I155|22101030021||62912,09|D|56000|0|118912,09|D|
|I155|23101010001||10000|C|0|0|10000|C|
|I155|23101010002||1871620|C|0|0|1871620|C|
|I155|23101020002||18491483,9|C|0|0|18491483,9|C|
|I155|23301010001||2414288,52|D|0|0|2414288,52|D|
|I155|31101010001||57454|C|0|147321,71|204775,71|C|
|I155|31101020001||10767,27|D|0|0|10767,27|D|
|I155|31101020002||27493,42|D|30440,5|0|57933,92|D|
|I155|31101020003||25435,65|D|112055,54|0|137491,19|D|
|I155|31101020005||0|C|363,76|0|363,76|D|
|I155|42101010006||43896,6|D|33371,62|0|77268,22|D|
|I155|42101020001||4053,7|D|4657,27|0|8710,97|D|
|I155|42103010001||309|D|309|0|618|D|
|I155|42103010004||404|D|0|0|404|D|
|I155|42103010013||1171,73|D|972,82|0|2144,55|D|
|I155|42103010020||14753,83|D|121880,42|0|136634,25|D|
|I155|42103010021||739,76|D|686,23|0|1425,99|D|
|I155|42103010033||151,58|D|160,89|0|312,47|D|
|I155|42103010035||216,27|D|216,92|0|433,19|D|
|I155|42103010038||6158,48|D|0|0|6158,48|D|
|I155|42103010039||7979,76|D|160,22|0|8139,98|D|
|I155|42103010040||0|D|2500|0|2500|D|
|I155|42301010005||261,05|D|275,32|0|536,37|D|
|I150|01032024|31032024|
|I155|11101010001||25267,53|D|0|27896,33|2628,8|C|
|I155|11102010002||1,6|D|349630,74|349630,74|1,6|D|
|I155|11104030002||95113,23|D|119578,47|94676,38|120015,32|D|
|I155|11104030006||57000|D|0|0|57000|D|
|I155|11304010007||57000|C|57000|0|0|D|
|I155|11309010001||13078,18|D|0|0|13078,18|D|
|I155|11309010002||7846,91|D|0|0|7846,91|D|
|I155|12301010002||935810|D|0|0|935810|D|
|I155|12301010003||935810|D|0|0|935810|D|
|I155|12301010004||155000|D|0|0|155000|D|
|I155|12301010005||550000|D|0|0|550000|D|
|I155|12301010006||550000|D|0|0|550000|D|
|I155|12301010007||250000|D|0|0|250000|D|
|I155|12301010008||1203438|D|0|0|1203438|D|
|I155|12301010009||342000|D|0|0|342000|D|
|I155|12301010010||1692206,91|D|72099,74|0|1764306,65|D|
|I155|12301010011||1169141,48|D|0|0|1169141,48|D|
|I155|12301010012||1279651,94|D|0|0|1279651,94|D|
|I155|12301010013||1014790,82|D|0|0|1014790,82|D|
|I155|12301010014||800000|D|0|0|800000|D|
|I155|12301010015||369795,39|D|0|0|369795,39|D|
|I155|12301010016||950000|D|0|0|950000|D|
|I155|12301010017||950000|D|0|0|950000|D|
|I155|12301010018||355000|D|0|0|355000|D|
|I155|12301010019||470750,5|D|0|0|470750,5|D|
|I155|12301010020||6415282,82|D|0|0|6415282,82|D|
|I155|12301010021||790000|D|0|0|790000|D|
|I155|12301010022||120000|D|0|0|120000|D|
|I155|12301010023||1716192|D|0|0|1716192|D|
|I155|12301010024||390440,95|D|0|0|390440,95|D|
|I155|12301010099||2401695,06|C|0|0|2401695,06|C|
|I155|22101020002||877502,14|C|0|0|877502,14|C|
|I155|22101020017||873047,11|C|0|0|873047,11|C|
|I155|22101020030||800000|C|0|0|800000|C|
|I155|22101030002||55000|C|0|0|55000|C|
|I155|22101030018||946537,56|C|0|170000|1116537,56|C|
|I155|22101030021||118912,09|D|0|0|118912,09|D|
|I155|23101010001||10000|C|0|0|10000|C|
|I155|23101010002||1871620|C|0|0|1871620|C|
|I155|23101020002||18491483,9|C|0|0|18491483,9|C|
|I155|23301010001||2414288,52|D|0|0|2414288,52|D|
|I155|31101010001||204775,71|C|0|72976,76|277752,47|C|
|I155|31101020001||10767,27|D|0|0|10767,27|D|
|I155|31101020002||57933,92|D|30494,19|11977,6|76450,51|D|
|I155|31101020003||137491,19|D|45676,14|0|183167,33|D|
|I155|31101020005||363,76|D|0|0|363,76|D|
|I155|42101010006||77268,22|D|33371,62|0|110639,84|D|
|I155|42101020001||8710,97|D|2459,83|0|11170,8|D|
|I155|42103010001||618|D|309|0|927|D|
|I155|42103010004||404|D|0|0|404|D|
|I155|42103010013||2144,55|D|2414,14|0|4558,69|D|
|I155|42103010020||136634,25|D|7416,55|0|144050,8|D|
|I155|42103010021||1425,99|D|510,39|0|1936,38|D|
|I155|42103010033||312,47|D|160,89|0|473,36|D|
|I155|42103010035||433,19|D|221,66|0|654,85|D|
|I155|42103010038||6158,48|D|955|0|7113,48|D|
|I155|42103010039||8139,98|D|0|0|8139,98|D|
|I155|42103010040||2500|D|4500|0|7000|D|
|I155|42301010005||536,37|D|359,45|0|895,82|D|
|I150|01042024|30042024|
|I155|11101010001||2628,8|C|0|1021,74|3650,54|C|
|I155|11102010002||1,6|D|478705,62|478705,62|1,6|D|
|I155|11104030002||120015,32|D|195679,45|184980,89|130713,88|D|
|I155|11104030006||57000|D|0|0|57000|D|
|I155|11309010001||13078,18|D|0|0|13078,18|D|
|I155|11309010002||7846,91|D|0|0|7846,91|D|
|I155|12301010002||935810|D|0|0|935810|D|
|I155|12301010003||935810|D|0|0|935810|D|
|I155|12301010004||155000|D|0|0|155000|D|
|I155|12301010005||550000|D|0|0|550000|D|
|I155|12301010006||550000|D|0|0|550000|D|
|I155|12301010007||250000|D|0|0|250000|D|
|I155|12301010008||1203438|D|0|0|1203438|D|
|I155|12301010009||342000|D|0|0|342000|D|
|I155|12301010010||1764306,65|D|189048,87|0|1953355,52|D|
|I155|12301010011||1169141,48|D|0|0|1169141,48|D|
|I155|12301010012||1279651,94|D|0|0|1279651,94|D|
|I155|12301010013||1014790,82|D|0|0|1014790,82|D|
|I155|12301010014||800000|D|0|0|800000|D|
|I155|12301010015||369795,39|D|0|0|369795,39|D|
|I155|12301010016||950000|D|0|0|950000|D|
|I155|12301010017||950000|D|0|0|950000|D|
|I155|12301010018||355000|D|0|0|355000|D|
|I155|12301010019||470750,5|D|0|0|470750,5|D|
|I155|12301010020||6415282,82|D|0|0|6415282,82|D|
|I155|12301010021||790000|D|0|0|790000|D|
|I155|12301010022||120000|D|0|0|120000|D|
|I155|12301010023||1716192|D|0|0|1716192|D|
|I155|12301010024||390440,95|D|0|0|390440,95|D|
|I155|12301010099||2401695,06|C|0|0|2401695,06|C|
|I155|22101020002||877502,14|C|0|0|877502,14|C|
|I155|22101020017||873047,11|C|0|0|873047,11|C|
|I155|22101020030||800000|C|0|0|800000|C|
|I155|22101030002||55000|C|0|0|55000|C|
|I155|22101030018||1116537,56|C|0|280000|1396537,56|C|
|I155|22101030021||118912,09|D|0|0|118912,09|D|
|I155|23101010001||10000|C|0|0|10000|C|
|I155|23101010002||1871620|C|0|0|1871620|C|
|I155|23101020002||18491483,9|C|0|0|18491483,9|C|
|I155|23301010001||2414288,52|D|0|0|2414288,52|D|
|I155|31101010001||277752,47|C|0|13724,73|291477,2|C|
|I155|31101020001||10767,27|D|0|0|10767,27|D|
|I155|31101020002||76450,51|D|26161,93|0|102612,44|D|
|I155|31101020003||183167,33|D|16227,21|0|199394,54|D|
|I155|31101020005||363,76|D|0|0|363,76|D|
|I155|42101010006||110639,84|D|33371,62|0|144011,46|D|
|I155|42101020001||11170,8|D|10940,23|0|22111,03|D|
|I155|42103010001||927|D|321,14|0|1248,14|D|
|I155|42103010004||404|D|0|0|404|D|
|I155|42103010013||4558,69|D|1185,55|0|5744,24|D|
|I155|42103010020||144050,8|D|662,46|0|144713,26|D|
|I155|42103010021||1936,38|D|625|0|2561,38|D|
|I155|42103010033||473,36|D|160,89|0|634,25|D|
|I155|42103010035||654,85|D|216,92|0|871,77|D|
|I155|42103010038||7113,48|D|0|0|7113,48|D|
|I155|42103010039||8139,98|D|0|0|8139,98|D|
|I155|42103010040||7000|D|4500|0|11500|D|
|I155|42301010005||895,82|D|626,09|0|1521,91|D|
|I150|01052024|31052024|
|I155|11101010001||3650,54|C|0|123,85|3774,39|C|
|I155|11102010002||1,6|D|383054,87|383054,87|1,6|D|
|I155|11104030002||130713,88|D|137755,95|157680,93|110788,9|D|
|I155|11104030006||57000|D|0|0|57000|D|
|I155|11309010001||13078,18|D|0|0|13078,18|D|
|I155|11309010002||7846,91|D|0|0|7846,91|D|
|I155|12301010002||935810|D|0|0|935810|D|
|I155|12301010003||935810|D|0|0|935810|D|
|I155|12301010004||155000|D|0|0|155000|D|
|I155|12301010005||550000|D|0|0|550000|D|
|I155|12301010006||550000|D|0|0|550000|D|
|I155|12301010007||250000|D|0|0|250000|D|
|I155|12301010008||1203438|D|0|0|1203438|D|
|I155|12301010009||342000|D|0|0|342000|D|
|I155|12301010010||1953355,52|D|49080,37|0|2002435,89|D|
|I155|12301010011||1169141,48|D|0|0|1169141,48|D|
|I155|12301010012||1279651,94|D|0|0|1279651,94|D|
|I155|12301010013||1014790,82|D|0|0|1014790,82|D|
|I155|12301010014||800000|D|0|0|800000|D|
|I155|12301010015||369795,39|D|0|0|369795,39|D|
|I155|12301010016||950000|D|0|0|950000|D|
|I155|12301010017||950000|D|0|0|950000|D|
|I155|12301010018||355000|D|0|0|355000|D|
|I155|12301010019||470750,5|D|0|0|470750,5|D|
|I155|12301010020||6415282,82|D|0|0|6415282,82|D|
|I155|12301010021||790000|D|0|0|790000|D|
|I155|12301010022||120000|D|0|0|120000|D|
|I155|12301010023||1716192|D|0|0|1716192|D|
|I155|12301010024||390440,95|D|0|0|390440,95|D|
|I155|12301010099||2401695,06|C|0|0|2401695,06|C|
|I155|22101020002||877502,14|C|0|0|877502,14|C|
|I155|22101020017||873047,11|C|0|0|873047,11|C|
|I155|22101020030||800000|C|0|0|800000|C|
|I155|22101030002||55000|C|0|0|55000|C|
|I155|22101030018||1396537,56|C|0|210000|1606537,56|C|
|I155|22101030021||118912,09|D|15000|0|133912,09|D|
|I155|23101010001||10000|C|0|0|10000|C|
|I155|23101010002||1871620|C|0|0|1871620|C|
|I155|23101020002||18491483,9|C|0|0|18491483,9|C|
|I155|23301010001||2414288,52|D|0|0|2414288,52|D|
|I155|31101010001||291477,2|C|0|15373,94|306851,14|C|
|I155|31101020001||10767,27|D|0|0|10767,27|D|
|I155|31101020002||102612,44|D|25638,12|0|128250,56|D|
|I155|31101020003||199394,54|D|13032,89|0|212427,43|D|
|I155|31101020005||363,76|D|36804,06|0|37167,82|D|
|I155|42101010006||144011,46|D|44794,94|0|188806,4|D|
|I155|42101020001||22111,03|D|11335,53|0|33446,56|D|
|I155|42103010001||1248,14|D|321,14|0|1569,28|D|
|I155|42103010004||404|D|0|0|404|D|
|I155|42103010013||5744,24|D|807,59|0|6551,83|D|
|I155|42103010020||144713,26|D|0|0|144713,26|D|
|I155|42103010021||2561,38|D|108,09|0|2669,47|D|
|I155|42103010033||634,25|D|160,89|0|795,14|D|
|I155|42103010034||0|D|35759,25|0|35759,25|D|
|I155|42103010035||871,77|D|216,92|0|1088,69|D|
|I155|42103010038||7113,48|D|4500|0|11613,48|D|
|I155|42103010039||8139,98|D|0|0|8139,98|D|
|I155|42103010040||11500|D|7500|0|19000|D|
|I155|42301010005||1521,91|D|362,98|0|1884,89|D|
|I150|01062024|30062024|
|I155|11101010001||3774,39|C|153740,87|63966,48|86000|D|
|I155|11102010002||1,6|D|130204,86|130204,86|1,6|D|
|I155|11104030002||110788,9|D|16883,97|76893,32|50779,55|D|
|I155|11104030006||57000|D|0|0|57000|D|
|I155|11309010001||13078,18|D|0|0|13078,18|D|
|I155|11309010002||7846,91|D|0|0|7846,91|D|
|I155|12301010002||935810|D|0|0|935810|D|
|I155|12301010003||935810|D|0|0|935810|D|
|I155|12301010004||155000|D|0|0|155000|D|
|I155|12301010005||550000|D|0|0|550000|D|
|I155|12301010006||550000|D|0|0|550000|D|
|I155|12301010007||250000|D|0|0|250000|D|
|I155|12301010008||1203438|D|0|0|1203438|D|
|I155|12301010009||342000|D|0|0|342000|D|
|I155|12301010010||2002435,89|D|49370,45|0|2051806,34|D|
|I155|12301010011||1169141,48|D|0|0|1169141,48|D|
|I155|12301010012||1279651,94|D|0|0|1279651,94|D|
|I155|12301010013||1014790,82|D|0|0|1014790,82|D|
|I155|12301010014||800000|D|0|0|800000|D|
|I155|12301010015||369795,39|D|0|0|369795,39|D|
|I155|12301010016||950000|D|0|0|950000|D|
|I155|12301010017||950000|D|0|0|950000|D|
|I155|12301010018||355000|D|0|0|355000|D|
|I155|12301010019||470750,5|D|0|0|470750,5|D|
|I155|12301010020||6415282,82|D|0|0|6415282,82|D|
|I155|12301010021||790000|D|0|0|790000|D|
|I155|12301010022||120000|D|0|0|120000|D|
|I155|12301010023||1716192|D|0|0|1716192|D|
|I155|12301010024||390440,95|D|0|0|390440,95|D|
|I155|12301010099||2401695,06|C|0|0|2401695,06|C|
|I155|22101020002||877502,14|C|0|0|877502,14|C|
|I155|22101020017||873047,11|C|0|0|873047,11|C|
|I155|22101020030||800000|C|0|0|800000|C|
|I155|22101030002||55000|C|0|0|55000|C|
|I155|22101030018||1606537,56|C|0|0|1606537,56|C|
|I155|22101030021||133912,09|D|0|0|133912,09|D|
|I155|23101010001||10000|C|0|0|10000|C|
|I155|23101010002||1871620|C|0|0|1871620|C|
|I155|23101020002||18491483,9|C|0|0|18491483,9|C|
|I155|23301010001||2414288,52|D|0|0|2414288,52|D|
|I155|31101010001||306851,14|C|0|207052,41|513903,55|C|
|I155|31101020001||10767,27|D|0|0|10767,27|D|
|I155|31101020002||128250,56|D|26181,41|0|154431,97|D|
|I155|31101020003||212427,43|D|87020,52|0|299447,95|D|
|I155|31101020005||37167,82|D|0|0|37167,82|D|
|I155|42101010006||188806,4|D|4400|0|193206,4|D|
|I155|42101020001||33446,56|D|2213,29|0|35659,85|D|
|I155|42103010001||1569,28|D|321,14|0|1890,42|D|
|I155|42103010004||404|D|0|0|404|D|
|I155|42103010013||6551,83|D|903,28|0|7455,11|D|
|I155|42103010020||144713,26|D|0|0|144713,26|D|
|I155|42103010021||2669,47|D|110,09|0|2779,56|D|
|I155|42103010033||795,14|D|160,89|0|956,03|D|
|I155|42103010034||35759,25|D|0|0|35759,25|D|
|I155|42103010035||1088,69|D|217,1|0|1305,79|D|
|I155|42103010038||11613,48|D|0|0|11613,48|D|
|I155|42103010039||8139,98|D|0|0|8139,98|D|
|I155|42103010040||19000|D|5500|0|24500|D|
|I155|42301010005||1884,89|D|889,2|0|2774,09|D|
|I150|01072024|31072024|
|I155|11101010001||86000|D|0|50683,99|35316,01|D|
|I155|11102010002||1,6|D|452192,65|452192,65|1,6|D|
|I155|11104030002||50779,55|D|234306,8|138795,97|146290,38|D|
|I155|11104030006||57000|D|0|0|57000|D|
|I155|11309010001||13078,18|D|0|0|13078,18|D|
|I155|11309010002||7846,91|D|0|0|7846,91|D|
|I155|12301010002||935810|D|0|0|935810|D|
|I155|12301010003||935810|D|0|0|935810|D|
|I155|12301010004||155000|D|0|0|155000|D|
|I155|12301010005||550000|D|0|0|550000|D|
|I155|12301010006||550000|D|0|0|550000|D|
|I155|12301010007||250000|D|0|0|250000|D|
|I155|12301010008||1203438|D|0|0|1203438|D|
|I155|12301010009||342000|D|0|0|342000|D|
|I155|12301010010||2051806,34|D|53430,55|0|2105236,89|D|
|I155|12301010011||1169141,48|D|0|0|1169141,48|D|
|I155|12301010012||1279651,94|D|0|0|1279651,94|D|
|I155|12301010013||1014790,82|D|0|0|1014790,82|D|
|I155|12301010014||800000|D|0|0|800000|D|
|I155|12301010015||369795,39|D|0|0|369795,39|D|
|I155|12301010016||950000|D|0|0|950000|D|
|I155|12301010017||950000|D|0|0|950000|D|
|I155|12301010018||355000|D|0|0|355000|D|
|I155|12301010019||470750,5|D|0|0|470750,5|D|
|I155|12301010020||6415282,82|D|0|0|6415282,82|D|
|I155|12301010021||790000|D|0|0|790000|D|
|I155|12301010022||120000|D|0|0|120000|D|
|I155|12301010023||1716192|D|0|0|1716192|D|
|I155|12301010024||390440,95|D|0|0|390440,95|D|
|I155|12301010099||2401695,06|C|0|0|2401695,06|C|
|I155|22101020002||877502,14|C|0|0|877502,14|C|
|I155|22101020017||873047,11|C|0|0|873047,11|C|
|I155|22101020030||800000|C|0|0|800000|C|
|I155|22101030002||55000|C|0|0|55000|C|
|I155|22101030018||1606537,56|C|5000|279000|1880537,56|C|
|I155|22101030021||133912,09|D|45000|0|178912,09|D|
|I155|23101010001||10000|C|0|0|10000|C|
|I155|23101010002||1871620|C|0|0|1871620|C|
|I155|23101020002||18491483,9|C|0|0|18491483,9|C|
|I155|23301010001||2414288,52|D|0|0|2414288,52|D|
|I155|31101010001||513903,55|C|0|34396,68|548300,23|C|
|I155|31101020001||10767,27|D|0|0|10767,27|D|
|I155|31101020002||154431,97|D|26662,16|0|181094,13|D|
|I155|31101020003||299447,95|D|75135,25|0|374583,2|D|
|I155|31101020005||37167,82|D|0|0|37167,82|D|
|I155|42101010006||193206,4|D|46349,74|0|239556,14|D|
|I155|42101020001||35659,85|D|8311,71|0|43971,56|D|
|I155|42103010001||1890,42|D|321,14|0|2211,56|D|
|I155|42103010004||404|D|1373,06|0|1777,06|D|
|I155|42103010013||7455,11|D|867,64|0|8322,75|D|
|I155|42103010020||144713,26|D|878,69|0|145591,95|D|
|I155|42103010021||2779,56|D|115,6|0|2895,16|D|
|I155|42103010033||956,03|D|160,89|0|1116,92|D|
|I155|42103010034||35759,25|D|0|0|35759,25|D|
|I155|42103010035||1305,79|D|217,1|0|1522,89|D|
|I155|42103010038||11613,48|D|1877,58|0|13491,06|D|
|I155|42103010039||8139,98|D|0|0|8139,98|D|
|I155|42103010040||24500|D|2500|0|27000|D|
|I155|42301010005||2774,09|D|368,73|0|3142,82|D|
|I150|01082024|31082024|
|I155|11101010001||35316,01|D|163902,44|137747,74|61470,71|D|
|I155|11102010002||1,6|D|213706,87|213239,41|469,06|D|
|I155|11104030002||146290,38|D|11925,42|158383,02|167,22|C|
|I155|11104030006||57000|D|0|0|57000|D|
|I155|11309010001||13078,18|D|0|0|13078,18|D|
|I155|11309010002||7846,91|D|0|0|7846,91|D|
|I155|12301010002||935810|D|0|0|935810|D|
|I155|12301010003||935810|D|0|0|935810|D|
|I155|12301010004||155000|D|0|0|155000|D|
|I155|12301010005||550000|D|0|0|550000|D|
|I155|12301010006||550000|D|0|0|550000|D|
|I155|12301010007||250000|D|0|0|250000|D|
|I155|12301010008||1203438|D|0|0|1203438|D|
|I155|12301010009||342000|D|0|0|342000|D|
|I155|12301010010||2105236,89|D|55401,14|0|2160638,03|D|
|I155|12301010011||1169141,48|D|0|0|1169141,48|D|
|I155|12301010012||1279651,94|D|0|0|1279651,94|D|
|I155|12301010013||1014790,82|D|0|0|1014790,82|D|
|I155|12301010014||800000|D|0|0|800000|D|
|I155|12301010015||369795,39|D|0|0|369795,39|D|
|I155|12301010016||950000|D|0|0|950000|D|
|I155|12301010017||950000|D|0|0|950000|D|
|I155|12301010018||355000|D|0|0|355000|D|
|I155|12301010019||470750,5|D|0|0|470750,5|D|
|I155|12301010020||6415282,82|D|0|0|6415282,82|D|
|I155|12301010021||790000|D|0|0|790000|D|
|I155|12301010022||120000|D|0|0|120000|D|
|I155|12301010023||1716192|D|0|0|1716192|D|
|I155|12301010024||390440,95|D|0|0|390440,95|D|
|I155|12301010099||2401695,06|C|0|0|2401695,06|C|
|I155|22101020002||877502,14|C|0|0|877502,14|C|
|I155|22101020017||873047,11|C|0|0|873047,11|C|
|I155|22101020030||800000|C|0|0|800000|C|
|I155|22101030002||55000|C|0|2500|57500|C|
|I155|22101030018||1880537,56|C|0|20000|1900537,56|C|
|I155|22101030021||178912,09|D|0|0|178912,09|D|
|I155|23101010001||10000|C|0|0|10000|C|
|I155|23101010002||1871620|C|0|0|1871620|C|
|I155|23101020002||18491483,9|C|0|0|18491483,9|C|
|I155|23301010001||2414288,52|D|0|0|2414288,52|D|
|I155|31101010001||548300,23|C|0|196726,29|745026,52|C|
|I155|31101020001||10767,27|D|0|0|10767,27|D|
|I155|31101020002||181094,13|D|23244,49|0|204338,62|D|
|I155|31101020003||374583,2|D|157991,87|0|532575,07|D|
|I155|31101020005||37167,82|D|0|0|37167,82|D|
|I155|42101010006||239556,14|D|90599,48|0|330155,62|D|
|I155|42101020001||43971,56|D|3987,1|0|47958,66|D|
|I155|42103010001||2211,56|D|321,14|0|2532,7|D|
|I155|42103010004||1777,06|D|0|0|1777,06|D|
|I155|42103010013||8322,75|D|1250,23|0|9572,98|D|
|I155|42103010020||145591,95|D|0|0|145591,95|D|
|I155|42103010021||2895,16|D|115,6|0|3010,76|D|
|I155|42103010026||0|D|1945,35|0|1945,35|D|
|I155|42103010033||1116,92|D|160,89|0|1277,81|D|
|I155|42103010034||35759,25|D|0|0|35759,25|D|
|I155|42103010035||1522,89|D|217,1|0|1739,99|D|
|I155|42103010038||13491,06|D|922,75|0|14413,81|D|
|I155|42103010039||8139,98|D|0|0|8139,98|D|
|I155|42103010040||27000|D|2500|0|29500|D|
|I155|42301010005||3142,82|D|404,59|0|3547,41|D|
|I150|01092024|30092024|
|I155|11101010001||61470,71|D|0|50683,99|10786,72|D|
|I155|11102010002||469,06|D|239534,46|115921,91|124081,61|D|
|I155|11104030002||167,22|C|0|8,9|176,12|C|
|I155|11104030006||57000|D|0|0|57000|D|
|I155|11309010001||13078,18|D|0|0|13078,18|D|
|I155|11309010002||7846,91|D|0|0|7846,91|D|
|I155|12301010002||935810|D|0|0|935810|D|
|I155|12301010003||935810|D|0|0|935810|D|
|I155|12301010004||155000|D|0|0|155000|D|
|I155|12301010005||550000|D|0|0|550000|D|
|I155|12301010006||550000|D|0|0|550000|D|
|I155|12301010007||250000|D|0|0|250000|D|
|I155|12301010008||1203438|D|0|0|1203438|D|
|I155|12301010009||342000|D|0|0|342000|D|
|I155|12301010010||2160638,03|D|23783,65|0|2184421,68|D|
|I155|12301010011||1169141,48|D|0|0|1169141,48|D|
|I155|12301010012||1279651,94|D|0|0|1279651,94|D|
|I155|12301010013||1014790,82|D|0|0|1014790,82|D|
|I155|12301010014||800000|D|0|0|800000|D|
|I155|12301010015||369795,39|D|0|0|369795,39|D|
|I155|12301010016||950000|D|0|0|950000|D|
|I155|12301010017||950000|D|0|0|950000|D|
|I155|12301010018||355000|D|0|0|355000|D|
|I155|12301010019||470750,5|D|0|0|470750,5|D|
|I155|12301010020||6415282,82|D|0|0|6415282,82|D|
|I155|12301010021||790000|D|0|0|790000|D|
|I155|12301010022||120000|D|0|0|120000|D|
|I155|12301010023||1716192|D|0|0|1716192|D|
|I155|12301010024||390440,95|D|0|0|390440,95|D|
|I155|12301010099||2401695,06|C|0|0|2401695,06|C|
|I155|22101020002||877502,14|C|0|0|877502,14|C|
|I155|22101020017||873047,11|C|0|0|873047,11|C|
|I155|22101020030||800000|C|0|0|800000|C|
|I155|22101030002||57500|C|0|0|57500|C|
|I155|22101030018||1900537,56|C|0|208230|2108767,56|C|
|I155|22101030021||178912,09|D|0|0|178912,09|D|
|I155|23101010001||10000|C|0|0|10000|C|
|I155|23101010002||1871620|C|0|0|1871620|C|
|I155|23101020002||18491483,9|C|0|0|18491483,9|C|
|I155|23301010001||2414288,52|D|0|0|2414288,52|D|
|I155|31101010001||745026,52|C|0|31295,56|776322,08|C|
|I155|31101020001||10767,27|D|0|0|10767,27|D|
|I155|31101020002||204338,62|D|23031,69|0|227370,31|D|
|I155|31101020003||532575,07|D|64434,2|0|597009,27|D|
|I155|31101020005||37167,82|D|0|0|37167,82|D|
|I155|42101010006||330155,62|D|43349,74|0|373505,36|D|
|I155|42101020001||47958,66|D|2213,29|0|50171,95|D|
|I155|42103010001||2532,7|D|321,14|0|2853,84|D|
|I155|42103010004||1777,06|D|0|0|1777,06|D|
|I155|42103010013||9572,98|D|2129,84|0|11702,82|D|
|I155|42103010020||145591,95|D|0|0|145591,95|D|
|I155|42103010021||3010,76|D|114,64|0|3125,4|D|
|I155|42103010026||1945,35|D|0|0|1945,35|D|
|I155|42103010031||0|D|1850,55|0|1850,55|D|
|I155|42103010033||1277,81|D|160,89|0|1438,7|D|
|I155|42103010034||35759,25|D|0|0|35759,25|D|
|I155|42103010035||1739,99|D|217,1|0|1957,09|D|
|I155|42103010038||14413,81|D|208,24|0|14622,05|D|
|I155|42103010039||8139,98|D|0|0|8139,98|D|
|I155|42103010040||29500|D|4500|0|34000|D|
|I155|42301010005||3547,41|D|290,93|0|3838,34|D|
|I150|01102024|31102024|
|I155|11101010001||10786,72|D|0|12756,15|1969,43|C|
|I155|11102010002||124081,61|D|34399,01|136603,34|21877,28|D|
|I155|11104030002||176,12|C|0|27,62|203,74|C|
|I155|11104030006||57000|D|0|0|57000|D|
|I155|11309010001||13078,18|D|0|0|13078,18|D|
|I155|11309010002||7846,91|D|0|0|7846,91|D|
|I155|12301010002||935810|D|0|0|935810|D|
|I155|12301010003||935810|D|0|0|935810|D|
|I155|12301010004||155000|D|0|0|155000|D|
|I155|12301010005||550000|D|0|0|550000|D|
|I155|12301010006||550000|D|0|0|550000|D|
|I155|12301010007||250000|D|0|0|250000|D|
|I155|12301010008||1203438|D|0|0|1203438|D|
|I155|12301010009||342000|D|0|0|342000|D|
|I155|12301010010||2184421,68|D|2031,75|0|2186453,43|D|
|I155|12301010011||1169141,48|D|0|0|1169141,48|D|
|I155|12301010012||1279651,94|D|0|0|1279651,94|D|
|I155|12301010013||1014790,82|D|0|0|1014790,82|D|
|I155|12301010014||800000|D|0|0|800000|D|
|I155|12301010015||369795,39|D|0|0|369795,39|D|
|I155|12301010016||950000|D|0|0|950000|D|
|I155|12301010017||950000|D|0|0|950000|D|
|I155|12301010018||355000|D|0|0|355000|D|
|I155|12301010019||470750,5|D|0|0|470750,5|D|
|I155|12301010020||6415282,82|D|0|0|6415282,82|D|
|I155|12301010021||790000|D|0|0|790000|D|
|I155|12301010022||120000|D|0|0|120000|D|
|I155|12301010023||1716192|D|0|0|1716192|D|
|I155|12301010024||390440,95|D|0|0|390440,95|D|
|I155|12301010099||2401695,06|C|0|0|2401695,06|C|
|I155|22101020002||877502,14|C|0|0|877502,14|C|
|I155|22101020017||873047,11|C|0|0|873047,11|C|
|I155|22101020030||800000|C|0|0|800000|C|
|I155|22101030002||57500|C|0|0|57500|C|
|I155|22101030018||2108767,56|C|0|0|2108767,56|C|
|I155|22101030021||178912,09|D|38000|0|216912,09|D|
|I155|23101010001||10000|C|0|0|10000|C|
|I155|23101010002||1871620|C|0|0|1871620|C|
|I155|23101020002||18491483,9|C|0|0|18491483,9|C|
|I155|23301010001||2414288,52|D|0|0|2414288,52|D|
|I155|31101010001||776322,08|C|0|34371,39|810693,47|C|
|I155|31101020001||10767,27|D|0|0|10767,27|D|
|I155|31101020002||227370,31|D|23167,17|0|250537,48|D|
|I155|31101020003||597009,27|D|26772,86|0|623782,13|D|
|I155|31101020005||37167,82|D|0|0|37167,82|D|
|I155|42101010006||373505,36|D|43349,74|0|416855,1|D|
|I155|42101020001||50171,95|D|3992,84|0|54164,79|D|
|I155|42103010001||2853,84|D|321,14|0|3174,98|D|
|I155|42103010004||1777,06|D|0|0|1777,06|D|
|I155|42103010013||11702,82|D|3449,87|0|15152,69|D|
|I155|42103010020||145591,95|D|662,46|0|146254,41|D|
|I155|42103010021||3125,4|D|117,08|0|3242,48|D|
|I155|42103010026||1945,35|D|0|0|1945,35|D|
|I155|42103010031||1850,55|D|2354,82|0|4205,37|D|
|I155|42103010033||1438,7|D|160,89|0|1599,59|D|
|I155|42103010034||35759,25|D|0|0|35759,25|D|
|I155|42103010035||1957,09|D|217,1|0|2174,19|D|
|I155|42103010038||14622,05|D|234,77|0|14856,82|D|
|I155|42103010039||8139,98|D|0|0|8139,98|D|
|I155|42103010040||34000|D|4243|0|38243|D|
|I155|42301010005||3838,34|D|284|0|4122,34|D|
|I150|01112024|30112024|
|I155|11101010001||1969,43|C|95787,14|74436,36|19381,35|D|
|I155|11102010002||21877,28|D|129972,59|98656,51|53193,36|D|
|I155|11104030002||203,74|C|0|9,36|213,1|C|
|I155|11104030006||57000|D|0|0|57000|D|
|I155|11309010001||13078,18|D|0|0|13078,18|D|
|I155|11309010002||7846,91|D|0|0|7846,91|D|
|I155|12301010002||935810|D|0|0|935810|D|
|I155|12301010003||935810|D|0|0|935810|D|
|I155|12301010004||155000|D|0|0|155000|D|
|I155|12301010005||550000|D|0|0|550000|D|
|I155|12301010006||550000|D|0|0|550000|D|
|I155|12301010007||250000|D|0|0|250000|D|
|I155|12301010008||1203438|D|0|0|1203438|D|
|I155|12301010009||342000|D|0|0|342000|D|
|I155|12301010010||2186453,43|D|15111,15|0|2201564,58|D|
|I155|12301010011||1169141,48|D|0|0|1169141,48|D|
|I155|12301010012||1279651,94|D|0|0|1279651,94|D|
|I155|12301010013||1014790,82|D|0|0|1014790,82|D|
|I155|12301010014||800000|D|0|0|800000|D|
|I155|12301010015||369795,39|D|0|0|369795,39|D|
|I155|12301010016||950000|D|0|0|950000|D|
|I155|12301010017||950000|D|0|0|950000|D|
|I155|12301010018||355000|D|0|0|355000|D|
|I155|12301010019||470750,5|D|0|0|470750,5|D|
|I155|12301010020||6415282,82|D|0|0|6415282,82|D|
|I155|12301010021||790000|D|0|0|790000|D|
|I155|12301010022||120000|D|0|0|120000|D|
|I155|12301010023||1716192|D|0|0|1716192|D|
|I155|12301010024||390440,95|D|0|0|390440,95|D|
|I155|12301010099||2401695,06|C|0|0|2401695,06|C|
|I155|22101020002||877502,14|C|0|0|877502,14|C|
|I155|22101020017||873047,11|C|0|0|873047,11|C|
|I155|22101020030||800000|C|0|0|800000|C|
|I155|22101030002||57500|C|0|0|57500|C|
|I155|22101030018||2108767,56|C|0|96000|2204767,56|C|
|I155|22101030021||216912,09|D|13000|0|229912,09|D|
|I155|23101010001||10000|C|0|0|10000|C|
|I155|23101010002||1871620|C|0|0|1871620|C|
|I155|23101020002||18491483,9|C|0|0|18491483,9|C|
|I155|23301010001||2414288,52|D|0|0|2414288,52|D|
|I155|31101010001||810693,47|C|0|129750,37|940443,84|C|
|I155|31101020001||10767,27|D|0|0|10767,27|D|
|I155|31101020002||250537,48|D|23268,41|0|273805,89|D|
|I155|31101020003||623782,13|D|94826,26|0|718608,39|D|
|I155|31101020005||37167,82|D|0|0|37167,82|D|
|I155|42101010006||416855,1|D|750|0|417605,1|D|
|I155|42101020001||54164,79|D|2213,29|0|56378,08|D|
|I155|42103010001||3174,98|D|321,14|0|3496,12|D|
|I155|42103010004||1777,06|D|0|0|1777,06|D|
|I155|42103010013||15152,69|D|1547,94|0|16700,63|D|
|I155|42103010020||146254,41|D|0|0|146254,41|D|
|I155|42103010021||3242,48|D|114,45|0|3356,93|D|
|I155|42103010026||1945,35|D|0|0|1945,35|D|
|I155|42103010031||4205,37|D|0|0|4205,37|D|
|I155|42103010033||1599,59|D|160,89|0|1760,48|D|
|I155|42103010034||35759,25|D|0|0|35759,25|D|
|I155|42103010035||2174,19|D|217,1|0|2391,29|D|
|I155|42103010038||14856,82|D|17725,68|0|32582,5|D|
|I155|42103010039||8139,98|D|0|0|8139,98|D|
|I155|42103010040||38243|D|3500|0|41743|D|
|I155|42301010005||4122,34|D|336,56|0|4458,9|D|
|I150|01122024|31122024|
|I155|11101010001||19381,35|D|0|0|19381,35|D|
|I155|11102010002||53193,36|D|171268,32|123041,43|101420,25|D|
|I155|11104030002||213,1|C|0|14,35|227,45|C|
|I155|11104030006||57000|D|0|0|57000|D|
|I155|11309010001||13078,18|D|0|0|13078,18|D|
|I155|11309010002||7846,91|D|0|0|7846,91|D|
|I155|12301010002||935810|D|0|0|935810|D|
|I155|12301010003||935810|D|0|0|935810|D|
|I155|12301010004||155000|D|0|0|155000|D|
|I155|12301010005||550000|D|0|0|550000|D|
|I155|12301010006||550000|D|0|0|550000|D|
|I155|12301010007||250000|D|0|0|250000|D|
|I155|12301010008||1203438|D|0|0|1203438|D|
|I155|12301010009||342000|D|0|0|342000|D|
|I155|12301010010||2201564,58|D|26261,85|0|2227826,43|D|
|I155|12301010011||1169141,48|D|0|0|1169141,48|D|
|I155|12301010012||1279651,94|D|0|0|1279651,94|D|
|I155|12301010013||1014790,82|D|0|0|1014790,82|D|
|I155|12301010014||800000|D|0|0|800000|D|
|I155|12301010015||369795,39|D|0|0|369795,39|D|
|I155|12301010016||950000|D|0|0|950000|D|
|I155|12301010017||950000|D|0|0|950000|D|
|I155|12301010018||355000|D|0|0|355000|D|
|I155|12301010019||470750,5|D|0|0|470750,5|D|
|I155|12301010020||6415282,82|D|0|0|6415282,82|D|
|I155|12301010021||790000|D|0|0|790000|D|
|I155|12301010022||120000|D|0|0|120000|D|
|I155|12301010023||1716192|D|0|0|1716192|D|
|I155|12301010024||390440,95|D|0|0|390440,95|D|
|I155|12301010099||2401695,06|C|0|737391,06|3139086,12|C|
|I155|22101020002||877502,14|C|0|0|877502,14|C|
|I155|22101020017||873047,11|C|0|0|873047,11|C|
|I155|22101020030||800000|C|0|0|800000|C|
|I155|22101030002||57500|C|0|0|57500|C|
|I155|22101030018||2204767,56|C|0|137000|2341767,56|C|
|I155|22101030021||229912,09|D|12000|0|241912,09|D|
|I155|23101010001||10000|C|0|0|10000|C|
|I155|23101010002||1871620|C|0|0|1871620|C|
|I155|23101020002||18491483,9|C|0|0|18491483,9|C|
|I155|23301010001||2414288,52|D|0|0|2414288,52|D|
|I155|23301010002||0|C|1666376,65|0|1666376,65|D|
|I155|31101010001||940443,84|C|974697,81|34253,97|0|C|
|I155|31101020001||10767,27|D|0|10767,27|0|C|
|I155|31101020002||273805,89|D|23572,06|297377,95|0|C|
|I155|31101020003||718608,39|D|17866,41|736474,8|0|C|
|I155|31101020005||37167,82|D|0|37167,82|0|C|
|I155|42101010006||417605,1|D|32042,89|449647,99|0|D|
|I155|42101020001||56378,08|D|3932,74|60310,82|0|D|
|I155|42103010001||3496,12|D|321,14|3817,26|0|D|
|I155|42103010004||1777,06|D|0|1777,06|0|D|
|I155|42103010013||16700,63|D|1060,1|17760,73|0|D|
|I155|42103010020||146254,41|D|0|146254,41|0|D|
|I155|42103010021||3356,93|D|114,45|3471,38|0|D|
|I155|42103010026||1945,35|D|0|1945,35|0|D|
|I155|42103010031||4205,37|D|0|4205,37|0|D|
|I155|42103010033||1760,48|D|160,89|1921,37|0|D|
|I155|42103010034||35759,25|D|0|35759,25|0|D|
|I155|42103010035||2391,29|D|217,1|2608,39|0|D|
|I155|42103010038||32582,5|D|1600|34182,5|0|D|
|I155|42103010039||8139,98|D|0|8139,98|0|D|
|I155|42103010040||41743|D|3500|45243|0|D|
|I155|42103010050||0|D|737391,06|737391,06|0|D|
|I155|42301010005||4458,9|D|391,8|4850,7|0|D|
|I200|1|02012024|939296,11|N||
|I250|23301010001||939296,11|D|0|1|Transferźncia de Prejuķzos Acumulados||
|I250|23301010002||939296,11|C|0|1|Transferźncia de Prejuķzos Acumulados||
|I200|2|02012024|20108,21|N||
|I250|11102010002||20108,21|D|0||RESGATE INVEST FACIL - Aplic/Resgate||
|I250|11104030002||20108,21|C|0||RESGATE INVEST FACIL - Aplic/Resgate||
|I200|3|02012024|13685,75|N||
|I250|11102010002||13685,75|D|0||RESGATE INVEST FACIL - Aplic/Resgate||
|I250|11104030002||13685,75|C|0||RESGATE INVEST FACIL - Aplic/Resgate||
|I200|4|02012024|1621,82|N||
|I250|31101020002||1621,82|D|0||PAGTO ELETRON COBRANCA MARE 62 010124 - Condominio||
|I250|11102010002||1621,82|C|0||PAGTO ELETRON COBRANCA MARE 62 010124 - Condominio||
|I200|5|02012024|1621,82|N||
|I250|31101020002||1621,82|D|0||PAGTO ELETRON COBRANCA MARE 88 010124 - Condominio||
|I250|11102010002||1621,82|C|0||PAGTO ELETRON COBRANCA MARE 88 010124 - Condominio||
|I200|6|02012024|1621,82|N||
|I250|31101020002||1621,82|D|0||PAGTO ELETRON COBRANCA MARE 92 010124 - Condominio||
|I250|11102010002||1621,82|C|0||PAGTO ELETRON COBRANCA MARE 92 010124 - Condominio||
|I200|7|02012024|83,63|N||
|I250|42103010013||83,63|D|0||PAGTO ELETRON COBRANCA ELEKTRO 2504 020124 - Energia Elétrica||
|I250|11102010002||83,63|C|0||PAGTO ELETRON COBRANCA ELEKTRO 2504 020124 - Energia Elétrica||
|I200|8|02012024|918,75|N||
|I250|31101020002||918,75|D|0||PAGTO ELETRON COBRANCA COND CAMPOS 010124 - Condominio||
|I250|11102010002||918,75|C|0||PAGTO ELETRON COBRANCA COND CAMPOS 010124 - Condominio||
|I200|9|02012024|21948,3|N||
|I250|42101010006||21948,3|D|0||PAGTO ELETRON COBRANCA QUALICORP CLAUDIA - Assistźncia Médica||
|I250|11102010002||21948,3|C|0||PAGTO ELETRON COBRANCA QUALICORP CLAUDIA - Assistźncia Médica||
|I200|10|02012024|1530,81|N||
|I250|42103010038||1530,81|D|0||PAGTO ELETRONICO TRIBUTO NET EMPR LIC ELET DZT2323 - Veķculos||
|I250|11102010002||1530,81|C|0||PAGTO ELETRONICO TRIBUTO NET EMPR LIC ELET DZT2323 - Veķculos||
|I200|11|02012024|637,44|N||
|I250|42103010038||637,44|D|0||PAGTO ELETRONICO TRIBUTO NET EMPR LIC ELET DSB4562 - Veķculos||
|I250|11102010002||637,44|C|0||PAGTO ELETRONICO TRIBUTO NET EMPR LIC ELET DSB4562 - Veķculos||
|I200|12|02012024|498,42|N||
|I250|42103010038||498,42|D|0||PAGTO ELETRONICO TRIBUTO NET EMPR LIC ELET FAD6816 - Veķculos||
|I250|11102010002||498,42|C|0||PAGTO ELETRONICO TRIBUTO NET EMPR LIC ELET FAD6816 - Veķculos||
|I200|13|02012024|3011,15|N||
|I250|42103010038||3011,15|D|0||PAGTO ELETRONICO TRIBUTO NET EMPR LIC ELET DSA8000 - Veķculos||
|I250|11102010002||3011,15|C|0||PAGTO ELETRONICO TRIBUTO NET EMPR LIC ELET DSA8000 - Veķculos||
|I200|14|02012024|300|N||
|I250|31101020003||300|D|0||TRANSFERENCIA PIX DES: Antonio Francisco Fur 02/01 - Manutenēćo Cotia||
|I250|11102010002||300|C|0||TRANSFERENCIA PIX DES: Antonio Francisco Fur 02/01 - Manutenēćo Cotia||
|I200|15|02012024|57000|N||
|I250|11104030006||57000|D|0|1|Transf ref Aplic CDB||
|I250|11304010007||57000|C|0|1|Transf ref Aplic CDB||
|I200|16|04012024|3930,88|N||
|I250|11102010002||3930,88|D|0||RESGATE INVEST FACIL - Aplic/Resgate||
|I250|11104030002||3930,88|C|0||RESGATE INVEST FACIL - Aplic/Resgate||
|I200|17|04012024|151,58|N||
|I250|42103010033||151,58|D|0||PAGTO ELETRON COBRANCA ALARME CAMPOS - Seguranēa||
|I250|11102010002||151,58|C|0||PAGTO ELETRON COBRANCA ALARME CAMPOS - Seguranēa||
|I200|18|04012024|3779,3|N||
|I250|31101020002||3779,3|D|0||PAGTO ELETRON COBRANCA COND PALAIS ROYAL 050124 - Condominio||
|I250|11102010002||3779,3|C|0||PAGTO ELETRON COBRANCA COND PALAIS ROYAL 050124 - Condominio||
|I200|19|05012024|14523,74|N||
|I250|11102010002||14523,74|D|0||RESGATE INVEST FACIL - Aplic/Resgate||
|I250|11104030002||14523,74|C|0||RESGATE INVEST FACIL - Aplic/Resgate||
|I200|20|05012024|7000|N||
|I250|11102010002||7000|D|0||TRANSFERENCIA PIX REM: DOUGLAS MOTA     05/01 - Locaēćo Bertioga||
|I250|31101010001||7000|C|0||TRANSFERENCIA PIX REM: DOUGLAS MOTA     05/01 - Locaēćo Bertioga||
|I200|21|05012024|4,2|N||
|I250|42301010005||4,2|D|0||TARIFA BANCARIA TRANSF PGTO PIX - Despesas Bancįrias||
|I250|11102010002||4,2|C|0||TARIFA BANCARIA TRANSF PGTO PIX - Despesas Bancįrias||
|I200|22|05012024|1306,45|N||
|I250|42101020001||1306,45|D|0||PAGTO ELETRONICO TRIBUTO INTERNET --DOC.ARREC.DO ESOC - Esocial||
|I250|11102010002||1306,45|C|0||PAGTO ELETRONICO TRIBUTO INTERNET --DOC.ARREC.DO ESOC - Esocial||
|I200|23|05012024|2747,25|N||
|I250|42101020001||2747,25|D|0||PAGTO ELETRONICO TRIBUTO INTERNET --DOC.ARREC.DO ESOC - Esocial||
|I250|11102010002||2747,25|C|0||PAGTO ELETRONICO TRIBUTO INTERNET --DOC.ARREC.DO ESOC - Esocial||
|I200|24|05012024|2305,34|N||
|I250|31101020003||2305,34|D|0||TRANSFERENCIA PIX DES: CARLOS ROBERTO DE OLI 05/01 - Manutenēćo e Conservaēćo||
|I250|11102010002||2305,34|C|0||TRANSFERENCIA PIX DES: CARLOS ROBERTO DE OLI 05/01 - Manutenēćo e Conservaēćo||
|I200|25|05012024|3892,5|N||
|I250|31101020003||3892,5|D|0||TRANSFERENCIA PIX DES: MARIA CRISTINA RAYMUN 05/01 - Manutenēćo e Conservaēćo||
|I250|11102010002||3892,5|C|0||TRANSFERENCIA PIX DES: MARIA CRISTINA RAYMUN 05/01 - Manutenēćo e Conservaēćo||
|I200|26|05012024|1500|N||
|I250|31101020003||1500|D|0||TRANSFERENCIA PIX DES: LUIZ CARLOS DA SILVA 05/01 - Manutenēćo e Conservaēćo||
|I250|11102010002||1500|C|0||TRANSFERENCIA PIX DES: LUIZ CARLOS DA SILVA 05/01 - Manutenēćo e Conservaēćo||
|I200|27|05012024|3494|N||
|I250|31101020003||3494|D|0||TRANSFERENCIA PIX DES: MARIA CRISTINA RAYMUN 05/01 - Manutenēćo e Conservaēćo||
|I250|11102010002||3494|C|0||TRANSFERENCIA PIX DES: MARIA CRISTINA RAYMUN 05/01 - Manutenēćo e Conservaēćo||
|I200|28|05012024|1980|N||
|I250|31101020003||1980|D|0||TRANSFERENCIA PIX DES: CARLOS ROBERTO DE OLI 05/01 - Manutenēćo e Conservaēćo||
|I250|11102010002||1980|C|0||TRANSFERENCIA PIX DES: CARLOS ROBERTO DE OLI 05/01 - Manutenēćo e Conservaēćo||
|I200|29|05012024|1928|N||
|I250|31101020003||1928|D|0||TRANSFERENCIA PIX DES: Eva Koch Santos    05/01 - Manutenēćo e Conservaēćo||
|I250|11102010002||1928|C|0||TRANSFERENCIA PIX DES: Eva Koch Santos    05/01 - Manutenēćo e Conservaēćo||
|I200|30|05012024|2366|N||
|I250|31101020003||2366|D|0||TRANSFERENCIA PIX DES: Eva Koch Santos    05/01 - Manutenēćo e Conservaēćo||
|I250|11102010002||2366|C|0||TRANSFERENCIA PIX DES: Eva Koch Santos    05/01 - Manutenēćo e Conservaēćo||
|I200|31|08012024|8000|N||
|I250|11102010002||8000|D|0||TED-TRANSF ELET DISPON REMET.PAULO J M SILVEIRA - Locaēćo Bertioga||
|I250|31101010001||8000|C|0||TED-TRANSF ELET DISPON REMET.PAULO J M SILVEIRA - Locaēćo Bertioga||
|I200|32|08012024|10000|N||
|I250|11102010002||10000|D|0||TRANSF CC PARA CC PJ KIPSTONE SERVICOS E TECNOLOGIA L - Mśtuo KPL||
|I250|22101030018||10000|C|0||TRANSF CC PARA CC PJ KIPSTONE SERVICOS E TECNOLOGIA L - Mśtuo KPL||
|I200|33|08012024|395,06|N||
|I250|42103010013||395,06|D|0||PAGTO ELETRON COBRANCA ELEKTRO 3605 080124 - Energia Elétrica||
|I250|11102010002||395,06|C|0||PAGTO ELETRON COBRANCA ELEKTRO 3605 080124 - Energia Elétrica||
|I200|34|08012024|2389,73|N||
|I250|31101020002||2389,73|D|0||PAGTO ELETRON COBRANCA COND 32 100124 - Condominio||
|I250|11102010002||2389,73|C|0||PAGTO ELETRON COBRANCA COND 32 100124 - Condominio||
|I200|35|08012024|14795,21|N||
|I250|11104030002||14795,21|D|0||APLIC.INVEST FACIL - Aplic/Resgate||
|I250|11102010002||14795,21|C|0||APLIC.INVEST FACIL - Aplic/Resgate||
|I200|36|08012024|420|N||
|I250|31101020003||420|D|0||TRANSFERENCIA PIX DES: Antonio Francisco Fur 08/01 - Manutenēćo Cotia||
|I250|11102010002||420|C|0||TRANSFERENCIA PIX DES: Antonio Francisco Fur 08/01 - Manutenēćo Cotia||
|I200|37|09012024|2856,4|N||
|I250|11102010002||2856,4|D|0||RESGATE INVEST FACIL - Aplic/Resgate||
|I250|11104030002||2856,4|C|0||RESGATE INVEST FACIL - Aplic/Resgate||
|I200|38|09012024|9254,11|N||
|I250|11102010002||9254,11|D|0||RESGATE INVEST FACIL - Aplic/Resgate||
|I250|11104030002||9254,11|C|0||RESGATE INVEST FACIL - Aplic/Resgate||
|I200|39|09012024|9|N||
|I250|42301010005||9|D|0||TARIFA BANCARIA TRANSF PGTO PIX - Despesas Bancįrias||
|I250|11102010002||9|C|0||TARIFA BANCARIA TRANSF PGTO PIX - Despesas Bancįrias||
|I200|40|09012024|9|N||
|I250|42301010005||9|D|0||TARIFA BANCARIA TRANSF PGTO PIX - Despesas Bancįrias||
|I250|11102010002||9|C|0||TARIFA BANCARIA TRANSF PGTO PIX - Despesas Bancįrias||
|I200|41|09012024|9|N||
|I250|42301010005||9|D|0||TARIFA BANCARIA TRANSF PGTO PIX - Despesas Bancįrias||
|I250|11102010002||9|C|0||TARIFA BANCARIA TRANSF PGTO PIX - Despesas Bancįrias||
|I200|42|09012024|9|N||
|I250|42301010005||9|D|0||TARIFA BANCARIA TRANSF PGTO PIX - Despesas Bancįrias||
|I250|11102010002||9|C|0||TARIFA BANCARIA TRANSF PGTO PIX - Despesas Bancįrias||
|I200|43|09012024|9|N||
|I250|42301010005||9|D|0||TARIFA BANCARIA TRANSF PGTO PIX - Despesas Bancįrias||
|I250|11102010002||9|C|0||TARIFA BANCARIA TRANSF PGTO PIX - Despesas Bancįrias||
|I200|44|09012024|9|N||
|I250|42301010005||9|D|0||TARIFA BANCARIA TRANSF PGTO PIX - Despesas Bancįrias||
|I250|11102010002||9|C|0||TARIFA BANCARIA TRANSF PGTO PIX - Despesas Bancįrias||
|I200|45|09012024|9|N||
|I250|42301010005||9|D|0||TARIFA BANCARIA TRANSF PGTO PIX - Despesas Bancįrias||
|I250|11102010002||9|C|0||TARIFA BANCARIA TRANSF PGTO PIX - Despesas Bancįrias||
|I200|46|09012024|12047,51|N||
|I250|42103010020||12047,51|D|0||PAGTO ELETRONICO TRIBUTO INTERNET --P.M GUARUJA/SP - IPTU Grj||
|I250|11102010002||12047,51|C|0||PAGTO ELETRONICO TRIBUTO INTERNET --P.M GUARUJA/SP - IPTU Grj||
|I200|47|10012024|6454|N||
|I250|11102010002||6454|D|0||TRANSFERENCIA PIX REM: CLASSIC GESTAO ADMINI 10/01 - Locaēćo Ctba||
|I250|31101010001||6454|C|0||TRANSFERENCIA PIX REM: CLASSIC GESTAO ADMINI 10/01 - Locaēćo Ctba||
|I200|48|10012024|2389,73|N||
|I250|31101020002||2389,73|D|0||PAGTO ELETRON COBRANCA COND 33 100124 - Condominio||
|I250|11102010002||2389,73|C|0||PAGTO ELETRON COBRANCA COND 33 100124 - Condominio||
|I200|49|10012024|483,98|N||
|I250|31101020002||483,98|D|0||PAGTO ELETRON COBRANCA COND FLORIPA 100124 - Condominio||
|I250|11102010002||483,98|C|0||PAGTO ELETRON COBRANCA COND FLORIPA 100124 - Condominio||
|I200|50|10012024|160,22|N||
|I250|42103010038||160,22|D|0||PAGTO ELETRONICO TRIBUTO NET EMPR LIC ELET DZT2323 - Veķculos||
|I250|11102010002||160,22|C|0||PAGTO ELETRONICO TRIBUTO NET EMPR LIC ELET DZT2323 - Veķculos||
|I200|51|10012024|160,22|N||
|I250|42103010038||160,22|D|0||PAGTO ELETRONICO TRIBUTO NET EMPR LIC ELET DSB4562 - Veķculos||
|I250|11102010002||160,22|C|0||PAGTO ELETRONICO TRIBUTO NET EMPR LIC ELET DSB4562 - Veķculos||
|I200|52|10012024|160,22|N||
|I250|42103010038||160,22|D|0||PAGTO ELETRONICO TRIBUTO NET EMPR LIC ELET DSA8000 - Veķculos||
|I250|11102010002||160,22|C|0||PAGTO ELETRONICO TRIBUTO NET EMPR LIC ELET DSA8000 - Veķculos||
|I200|53|10012024|36,66|N||
|I250|42301010005||36,66|D|0||CARTAO CREDITO ANUIDADE - Despesas Bancįrias||
|I250|11102010002||36,66|C|0||CARTAO CREDITO ANUIDADE - Despesas Bancįrias||
|I200|54|10012024|2253,45|N||
|I250|11104030002||2253,45|D|0||APLIC.INVEST FACIL - Aplic/Resgate||
|I250|11102010002||2253,45|C|0||APLIC.INVEST FACIL - Aplic/Resgate||
|I200|55|10012024|233,13|N||
|I250|42103010013||233,13|D|0||CONTA DE LUZ INTERNET --ENEL DISTRIBUICAO/SP - Energia Elétrica||
|I250|11102010002||233,13|C|0||CONTA DE LUZ INTERNET --ENEL DISTRIBUICAO/SP - Energia Elétrica||
|I200|56|10012024|238,43|N||
|I250|42103010013||238,43|D|0||CONTA DE LUZ INTERNET --ENEL DISTRIBUICAO/SP - Energia Elétrica||
|I250|11102010002||238,43|C|0||CONTA DE LUZ INTERNET --ENEL DISTRIBUICAO/SP - Energia Elétrica||
|I200|57|10012024|74,38|N||
|I250|42103010013||74,38|D|0||CONTA DE LUZ INTERNET --ENEL DISTRIBUICAO/SP - Energia Elétrica||
|I250|11102010002||74,38|C|0||CONTA DE LUZ INTERNET --ENEL DISTRIBUICAO/SP - Energia Elétrica||
|I200|58|10012024|74,42|N||
|I250|42103010013||74,42|D|0||CONTA DE LUZ INTERNET --ENEL DISTRIBUICAO/SP - Energia Elétrica||
|I250|11102010002||74,42|C|0||CONTA DE LUZ INTERNET --ENEL DISTRIBUICAO/SP - Energia Elétrica||
|I200|59|10012024|72,68|N||
|I250|42103010013||72,68|D|0||CONTA DE LUZ INTERNET --ENEL DISTRIBUICAO/SP - Energia Elétrica||
|I250|11102010002||72,68|C|0||CONTA DE LUZ INTERNET --ENEL DISTRIBUICAO/SP - Energia Elétrica||
|I200|60|10012024|116,48|N||
|I250|42103010021||116,48|D|0||CONTA DE AGUA E ESGOTO INTERNET --SABESP/SP - Įgua e Esgoto||
|I250|11102010002||116,48|C|0||CONTA DE AGUA E ESGOTO INTERNET --SABESP/SP - Įgua e Esgoto||
|I200|61|11012024|10|N||
|I250|11102010002||10|D|0||RESGATE INVEST FACIL - Aplic/Resgate||
|I250|11104030002||10|C|0||RESGATE INVEST FACIL - Aplic/Resgate||
|I200|62|11012024|5,88|N||
|I250|42301010005||5,88|D|0||TARIFA BANCARIA TRANSF PGTO PIX - Despesas Bancįrias||
|I250|11102010002||5,88|C|0||TARIFA BANCARIA TRANSF PGTO PIX - Despesas Bancįrias||
|I200|63|12012024|18000|N||
|I250|11102010002||18000|D|0||TRANSFERENCIA PIX REM: KIPSTONE SERVICOS E T 12/01 - Mśtuo KPL||
|I250|22101030018||18000|C|0||TRANSFERENCIA PIX REM: KIPSTONE SERVICOS E T 12/01 - Mśtuo KPL||
|I200|64|12012024|17661,83|N||
|I250|11104030002||17661,83|D|0||APLIC.INVEST FACIL - Aplic/Resgate||
|I250|11102010002||17661,83|C|0||APLIC.INVEST FACIL - Aplic/Resgate||
|I200|65|12012024|98,66|N||
|I250|31101020003||98,66|D|0||TRANSFERENCIA PIX DES: CARLOS ROBERTO DE OLI 12/01 - Manutenēćo e Conservaēćo||
|I250|11102010002||98,66|C|0||TRANSFERENCIA PIX DES: CARLOS ROBERTO DE OLI 12/01 - Manutenēćo e Conservaēćo||
|I200|66|12012024|38|N||
|I250|31101020003||38|D|0||TRANSFERENCIA PIX DES: Eva Koch Santos    12/01 - Manutenēćo e Conservaēćo||
|I250|11102010002||38|C|0||TRANSFERENCIA PIX DES: Eva Koch Santos    12/01 - Manutenēćo e Conservaēćo||
|I200|67|12012024|205,63|N||
|I250|31101020003||205,63|D|0||TRANSFERENCIA PIX DES: MARIA CRISTINA RAYMUN 12/01 - Manutenēćo e Conservaēćo||
|I250|11102010002||205,63|C|0||TRANSFERENCIA PIX DES: MARIA CRISTINA RAYMUN 12/01 - Manutenēćo e Conservaēćo||
|I200|68|15012024|358,17|N||
|I250|11102010002||358,17|D|0||RESGATE INVEST FACIL - Aplic/Resgate||
|I250|11104030002||358,17|C|0||RESGATE INVEST FACIL - Aplic/Resgate||
|I200|69|15012024|141,9|N||
|I250|42301010005||141,9|D|0||TARIFA BANCARIA Max Empresarial 1 - Despesas Bancįrias||
|I250|11102010002||141,9|C|0||TARIFA BANCARIA Max Empresarial 1 - Despesas Bancįrias||
|I200|70|15012024|216,27|N||
|I250|42103010035||216,27|D|0||CONTA DE TELEFONE INTERNET --TELEFONICA BRASIL S/ - Telefonia e Dados||
|I250|11102010002||216,27|C|0||CONTA DE TELEFONE INTERNET --TELEFONICA BRASIL S/ - Telefonia e Dados||
|I200|71|15012024|730,69|N||
|I250|31101020003||730,69|D|0||TRASPASO A 2209481ILINK-Despesa Manutenēćo Las Piedras||
|I250|11101010001||730,69|C|0||TRASPASO A 2209481ILINK-Despesa Manutenēćo Las Piedras||
|I200|72|15012024|123,85|N||
|I250|31101020003||123,85|D|0||DEBITO BANKING CARD-Despesa Manutenēćo Las Piedras||
|I250|11101010001||123,85|C|0||DEBITO BANKING CARD-Despesa Manutenēćo Las Piedras||
|I200|73|16012024|3320,07|N||
|I250|11102010002||3320,07|D|0||RESGATE INVEST FACIL - Aplic/Resgate||
|I250|11104030002||3320,07|C|0||RESGATE INVEST FACIL - Aplic/Resgate||
|I200|74|16012024|3313,9|N||
|I250|12301010010||3313,9|D|0||PAGTO ELETRON COBRANCA OBRA GJ NF 118 - Obra Guarujį||
|I250|11102010002||3313,9|C|0||PAGTO ELETRON COBRANCA OBRA GJ NF 118 - Obra Guarujį||
|I200|75|16012024|1,65|N||
|I250|42301010005||1,65|D|0||TARIFA BANCARIA TRANSF PGTO PIX - Despesas Bancįrias||
|I250|11102010002||1,65|C|0||TARIFA BANCARIA TRANSF PGTO PIX - Despesas Bancįrias||
|I200|76|16012024|1,65|N||
|I250|42301010005||1,65|D|0||TARIFA BANCARIA TRANSF PGTO PIX - Despesas Bancįrias||
|I250|11102010002||1,65|C|0||TARIFA BANCARIA TRANSF PGTO PIX - Despesas Bancįrias||
|I200|77|16012024|2,87|N||
|I250|42301010005||2,87|D|0||TARIFA BANCARIA TRANSF PGTO PIX - Despesas Bancįrias||
|I250|11102010002||2,87|C|0||TARIFA BANCARIA TRANSF PGTO PIX - Despesas Bancįrias||
|I200|78|18012024|8251,05|N||
|I250|11102010002||8251,05|D|0||RESGATE INVEST FACIL - Aplic/Resgate||
|I250|11104030002||8251,05|C|0||RESGATE INVEST FACIL - Aplic/Resgate||
|I200|79|18012024|2253,52|N||
|I250|11102010002||2253,52|D|0||RESGATE INVEST FACIL - Aplic/Resgate||
|I250|11104030002||2253,52|C|0||RESGATE INVEST FACIL - Aplic/Resgate||
|I200|80|18012024|4641,12|N||
|I250|11102010002||4641,12|D|0||RESGATE INVEST FACIL - Aplic/Resgate||
|I250|11104030002||4641,12|C|0||RESGATE INVEST FACIL - Aplic/Resgate||
|I200|81|18012024|1795,47|N||
|I250|31101020002||1795,47|D|0||PAGTO ELETRON COBRANCA COND 138A 200124 - Condominio||
|I250|11102010002||1795,47|C|0||PAGTO ELETRON COBRANCA COND 138A 200124 - Condominio||
|I200|82|18012024|1462,62|N||
|I250|31101020002||1462,62|D|0||PAGTO ELETRON COBRANCA COND 137A 200124 - Condominio||
|I250|11102010002||1462,62|C|0||PAGTO ELETRON COBRANCA COND 137A 200124 - Condominio||
|I200|83|18012024|1919,38|N||
|I250|31101020002||1919,38|D|0||PAGTO ELETRON COBRANCA COND 139A 200124 - Condominio||
|I250|11102010002||1919,38|C|0||PAGTO ELETRON COBRANCA COND 139A 200124 - Condominio||
|I200|84|18012024|532,69|N||
|I250|42103010021||532,69|D|0||PAGTO ELETRON COBRANCA AJS AGUA 32 E33 250124 - Įgua e Esgoto||
|I250|11102010002||532,69|C|0||PAGTO ELETRON COBRANCA AJS AGUA 32 E33 250124 - Įgua e Esgoto||
|I200|85|18012024|1455,77|N||
|I250|31101020003||1455,77|D|0||PAGTO ELETRON COBRANCA CONV CARLOS 200124 - Manutenēćo e Conservaēćo||
|I250|11102010002||1455,77|C|0||PAGTO ELETRON COBRANCA CONV CARLOS 200124 - Manutenēćo e Conservaēćo||
|I200|86|18012024|1557,22|N||
|I250|42103010039||1557,22|D|0||PAGTO ELETRONICO TRIBUTO INTERNET --PR/SEFAZ - Detran PR||
|I250|11102010002||1557,22|C|0||PAGTO ELETRONICO TRIBUTO INTERNET --PR/SEFAZ - Detran PR||
|I200|87|18012024|1538,4|N||
|I250|42103010039||1538,4|D|0||PAGTO ELETRONICO TRIBUTO INTERNET --PR/SEFAZ - Detran PR||
|I250|11102010002||1538,4|C|0||PAGTO ELETRONICO TRIBUTO INTERNET --PR/SEFAZ - Detran PR||
|I200|88|18012024|4884,14|N||
|I250|42103010039||4884,14|D|0||PAGTO ELETRONICO TRIBUTO INTERNET --PR/SEFAZ - Detran PR||
|I250|11102010002||4884,14|C|0||PAGTO ELETRONICO TRIBUTO INTERNET --PR/SEFAZ - Detran PR||
|I200|89|19012024|36000|N||
|I250|11102010002||36000|D|0||TRANSF AUTORIZ ENTRE AGS RAFAEL TONELLI GUASPARI - Locaēćo Loft||
|I250|31101010001||36000|C|0||TRANSF AUTORIZ ENTRE AGS RAFAEL TONELLI GUASPARI - Locaēćo Loft||
|I200|90|19012024|1021,27|N||
|I250|31101020003||1021,27|D|0||PAGTO ELETRON COBRANCA CONV CARLOS 200124 - Manutenēćo e Conservaēćo||
|I250|11102010002||1021,27|C|0||PAGTO ELETRON COBRANCA CONV CARLOS 200124 - Manutenēćo e Conservaēćo||
|I200|91|19012024|5000|N||
|I250|22101030018||5000|D|0||TRANSF CC PARA CC PJ KIPSTONE SERVICOS E TECNOL - Mśtuo KPL||
|I250|11102010002||5000|C|0||TRANSF CC PARA CC PJ KIPSTONE SERVICOS E TECNOL - Mśtuo KPL||
|I200|92|19012024|5000|N||
|I250|22101030018||5000|D|0||TRANSF CC PARA CC PJ KIPSTONE SERVICOS E TECNOL - Mśtuo KPL||
|I250|11102010002||5000|C|0||TRANSF CC PARA CC PJ KIPSTONE SERVICOS E TECNOL - Mśtuo KPL||
|I200|93|19012024|24888,14|N||
|I250|11104030002||24888,14|D|0||APLIC.INVEST FACIL - Aplic/Resgate||
|I250|11102010002||24888,14|C|0||APLIC.INVEST FACIL - Aplic/Resgate||
|I200|94|19012024|90,59|N||
|I250|42103010021||90,59|D|0||CONTA DE AGUA E ESGOTO INTERNET --SANEPAR-PR - Įgua e Esgoto||
|I250|11102010002||90,59|C|0||CONTA DE AGUA E ESGOTO INTERNET --SANEPAR-PR - Įgua e Esgoto||
|I200|95|23012024|3096,15|N||
|I250|31101020003||3096,15|D|0||DEB. CAMBIOSST....474196-Despesa Manutenēćo Las Piedras||
|I250|11101010001||3096,15|C|0||DEB. CAMBIOSST....474196-Despesa Manutenēćo Las Piedras||
|I200|96|23012024|123,85|N||
|I250|31101020003||123,85|D|0||DEB. CAMBIOSST....474196-Despesa Manutenēćo Las Piedras||
|I250|11101010001||123,85|C|0||DEB. CAMBIOSST....474196-Despesa Manutenēćo Las Piedras||
|I200|97|24012024|8030,09|N||
|I250|11102010002||8030,09|D|0||RESGATE INVEST FACIL - Aplic/Resgate||
|I250|11104030002||8030,09|C|0||RESGATE INVEST FACIL - Aplic/Resgate||
|I200|98|24012024|309|N||
|I250|42103010001||309|D|0||PAGTO ELETRON COBRANCA VIRTUAL OFFICE 260124 - Aluguel||
|I250|11102010002||309|C|0||PAGTO ELETRON COBRANCA VIRTUAL OFFICE 260124 - Aluguel||
|I200|99|24012024|7489|N||
|I250|31101020002||7489|D|0||PAGTO ELETRON COBRANCA COND SASIP 250124 - Condominio||
|I250|11102010002||7489|C|0||PAGTO ELETRON COBRANCA COND SASIP 250124 - Condominio||
|I200|100|24012024|232,09|N||
|I250|31101020003||232,09|D|0||TRANSFERENCIA PIX DES: PATRICIA LIMA DA SILV 24/01 - Manutenēćo e Conservaēćo||
|I250|11102010002||232,09|C|0||TRANSFERENCIA PIX DES: PATRICIA LIMA DA SILV 24/01 - Manutenēćo e Conservaēćo||
|I200|101|26012024|10|N||
|I250|11102010002||10|D|0||RESGATE INVEST FACIL - Aplic/Resgate||
|I250|11104030002||10|C|0||RESGATE INVEST FACIL - Aplic/Resgate||
|I200|102|26012024|3,24|N||
|I250|42301010005||3,24|D|0||TARIFA BANCARIA TRANSF PGTO PIX - Despesas Bancįrias||
|I250|11102010002||3,24|C|0||TARIFA BANCARIA TRANSF PGTO PIX - Despesas Bancįrias||
|I200|103|29012024|2699,56|N||
|I250|11102010002||2699,56|D|0||RESGATE INVEST FACIL - Aplic/Resgate||
|I250|11104030002||2699,56|C|0||RESGATE INVEST FACIL - Aplic/Resgate||
|I200|104|29012024|330,56|N||
|I250|42103010020||330,56|D|0||PAGTO ELETRONICO TRIBUTO INTERNET --PM DE COTIA - SP - IPTU Cotia||
|I250|11102010002||330,56|C|0||PAGTO ELETRONICO TRIBUTO INTERNET --PM DE COTIA - SP - IPTU Cotia||
|I200|105|29012024|2375,76|N||
|I250|42103010020||2375,76|D|0||PAGTO ELETRONICO TRIBUTO INTERNET --PM DE COTIA - SP - IPTU Cotia||
|I250|11102010002||2375,76|C|0||PAGTO ELETRONICO TRIBUTO INTERNET --PM DE COTIA - SP - IPTU Cotia||
|I200|106|30012024|2282,14|N||
|I250|11102010002||2282,14|D|0||RESGATE INVEST FACIL - Aplic/Resgate||
|I250|11104030002||2282,14|C|0||RESGATE INVEST FACIL - Aplic/Resgate||
|I200|107|30012024|20070,16|N||
|I250|11102010002||20070,16|D|0||RESGATE INVEST FACIL - Aplic/Resgate||
|I250|11104030002||20070,16|C|0||RESGATE INVEST FACIL - Aplic/Resgate||
|I200|108|30012024|404|N||
|I250|42103010004||404|D|0||PAGTO ELETRON COBRANCA SECOVI SP - Associaēões de Classe||
|I250|11102010002||404|C|0||PAGTO ELETRON COBRANCA SECOVI SP - Associaēões de Classe||
|I200|109|30012024|21948,3|N||
|I250|42101010006||21948,3|D|0||PAGTO ELETRON COBRANCA CONV CLAUDIA - Assistźncia Médica||
|I250|11102010002||21948,3|C|0||PAGTO ELETRON COBRANCA CONV CLAUDIA - Assistźncia Médica||
|I200|110|31012024|236000|N||
|I250|11102010002||236000|D|0||TRANSF CC PARA CC PJ KIPSTONE SERVICOS E TECNOLOGIA L - Mśtuo KPL||
|I250|22101030018||236000|C|0||TRANSF CC PARA CC PJ KIPSTONE SERVICOS E TECNOLOGIA L - Mśtuo KPL||
|I200|111|31012024|3589,09|N||
|I250|31101020001||3589,09|D|0||PAGTO ELETRONICO TRIBUTO INTERNET --P.M BERTIOGA/SP - IPTU Bertioga||
|I250|11102010002||3589,09|C|0||PAGTO ELETRONICO TRIBUTO INTERNET --P.M BERTIOGA/SP - IPTU Bertioga||
|I200|112|31012024|3589,09|N||
|I250|31101020001||3589,09|D|0||PAGTO ELETRONICO TRIBUTO INTERNET --P.M BERTIOGA/SP - IPTU Bertioga||
|I250|11102010002||3589,09|C|0||PAGTO ELETRONICO TRIBUTO INTERNET --P.M BERTIOGA/SP - IPTU Bertioga||
|I200|113|31012024|3589,09|N||
|I250|31101020001||3589,09|D|0||PAGTO ELETRONICO TRIBUTO INTERNET --P.M BERTIOGA/SP - IPTU Bertioga||
|I250|11102010002||3589,09|C|0||PAGTO ELETRONICO TRIBUTO INTERNET --P.M BERTIOGA/SP - IPTU Bertioga||
|I200|114|31012024|225232,73|N||
|I250|11104030002||225232,73|D|0||APLIC.INVEST FACIL - Aplic/Resgate||
|I250|11102010002||225232,73|C|0||APLIC.INVEST FACIL - Aplic/Resgate||
|I200|115|31012024|123,85|N||
|I250|31101020003||123,85|D|0||GASTOS MAN.RELACION-Despesa Manutenēćo Las Piedras||
|I250|11101010001||123,85|C|0||GASTOS MAN.RELACION-Despesa Manutenēćo Las Piedras||
|I200|116|01022024|79338,41|N||
|I250|11102010002||79338,41|D|0||RESGATE INVEST FACIL - Aplic/Resgate||
|I250|11104030002||79338,41|C|0||RESGATE INVEST FACIL - Aplic/Resgate||
|I200|117|01022024|4819,2|N||
|I250|11102010002||4819,2|D|0||RESGATE INVEST FACIL - Aplic/Resgate||
|I250|11104030002||4819,2|C|0||RESGATE INVEST FACIL - Aplic/Resgate||
|I200|118|01022024|11423,32|N||
|I250|42101010006||11423,32|D|0||PAGTO ELETRON COBRANCA CONV NEI - Assistźncia Médica||
|I250|11102010002||11423,32|C|0||PAGTO ELETRON COBRANCA CONV NEI - Assistźncia Médica||
|I200|119|01022024|3779,3|N||
|I250|31101020002||3779,3|D|0||PAGTO ELETRON COBRANCA COND PALAIS ROYAL 050224 - Condominio||
|I250|11102010002||3779,3|C|0||PAGTO ELETRON COBRANCA COND PALAIS ROYAL 050224 - Condominio||
|I200|120|01022024|1621,82|N||
|I250|31101020002||1621,82|D|0||PAGTO ELETRON COBRANCA MARE 92 010224 - Condominio||
|I250|11102010002||1621,82|C|0||PAGTO ELETRON COBRANCA MARE 92 010224 - Condominio||
|I200|121|01022024|1621,82|N||
|I250|31101020002||1621,82|D|0||PAGTO ELETRON COBRANCA MARE 88 010224 - Condominio||
|I250|11102010002||1621,82|C|0||PAGTO ELETRON COBRANCA MARE 88 010224 - Condominio||
|I200|122|01022024|1629,82|N||
|I250|31101020002||1629,82|D|0||PAGTO ELETRON COBRANCA MARE 62 010224 - Condominio||
|I250|11102010002||1629,82|C|0||PAGTO ELETRON COBRANCA MARE 62 010224 - Condominio||
|I200|123|01022024|918,75|N||
|I250|31101020002||918,75|D|0||PAGTO ELETRON COBRANCA COND CAMPOS 010224 - Condominio||
|I250|11102010002||918,75|C|0||PAGTO ELETRON COBRANCA COND CAMPOS 010224 - Condominio||
|I200|124|01022024|103,94|N||
|I250|42103010013||103,94|D|0||PAGTO ELETRON COBRANCA ELEKTRO 2504 010224 - Energia Elétrica||
|I250|11102010002||103,94|C|0||PAGTO ELETRON COBRANCA ELEKTRO 2504 010224 - Energia Elétrica||
|I200|125|01022024|410,33|N||
|I250|42103010013||410,33|D|0||PAGTO ELETRON COBRANCA ELEKTRO 3605 080224 - Energia Elétrica||
|I250|11102010002||410,33|C|0||PAGTO ELETRON COBRANCA ELEKTRO 3605 080224 - Energia Elétrica||
|I200|126|01022024|253,33|N||
|I250|42103010013||253,33|D|0||PAGTO ELETRON COBRANCA ELEKTRO 4973 280224 - Energia Elétrica||
|I250|11102010002||253,33|C|0||PAGTO ELETRON COBRANCA ELEKTRO 4973 280224 - Energia Elétrica||
|I200|127|01022024|11767,16|N||
|I250|42103010020||11767,16|D|0||PAGTO ELETRONICO TRIBUTO INTERNET --PMSP SP - IPTU SP||
|I250|11102010002||11767,16|C|0||PAGTO ELETRONICO TRIBUTO INTERNET --PMSP SP - IPTU SP||
|I200|128|01022024|15461,02|N||
|I250|42103010020||15461,02|D|0||PAGTO ELETRONICO TRIBUTO INTERNET --PMSP SP - IPTU SP||
|I250|11102010002||15461,02|C|0||PAGTO ELETRONICO TRIBUTO INTERNET --PMSP SP - IPTU SP||
|I200|129|01022024|16579,72|N||
|I250|42103010020||16579,72|D|0||PAGTO ELETRONICO TRIBUTO INTERNET --PMSP SP - IPTU SP||
|I250|11102010002||16579,72|C|0||PAGTO ELETRONICO TRIBUTO INTERNET --PMSP SP - IPTU SP||
|I200|130|01022024|723,52|N||
|I250|42103010020||723,52|D|0||PAGTO ELETRONICO TRIBUTO INTERNET --PM CAMPOS DO JORD - IPTU CJ||
|I250|11102010002||723,52|C|0||PAGTO ELETRONICO TRIBUTO INTERNET --PM CAMPOS DO JORD - IPTU CJ||
|I200|131|01022024|1500|N||
|I250|31101020003||1500|D|0||TRANSFERENCIA PIX DES: LUIZ CARLOS DA SILVA 01/02 - Manutenēćo e Conservaēćo||
|I250|11102010002||1500|C|0||TRANSFERENCIA PIX DES: LUIZ CARLOS DA SILVA 01/02 - Manutenēćo e Conservaēćo||
|I200|132|01022024|363,76|N||
|I250|31101020005||363,76|D|0||TRANSFERENCIA PIX DES: RAQUEL APARECIDA DA S 01/02 - Cartório||
|I250|11102010002||363,76|C|0||TRANSFERENCIA PIX DES: RAQUEL APARECIDA DA S 01/02 - Cartório||
|I200|133|01022024|16000|N||
|I250|22101030021||16000|D|0||TRANSFERENCIA PIX DES: Jose Rozinei da Silva 01/02 - Mśtuo Nei||
|I250|11102010002||16000|C|0||TRANSFERENCIA PIX DES: Jose Rozinei da Silva 01/02 - Mśtuo Nei||
|I200|134|02022024|51096,44|N||
|I250|11102010002||51096,44|D|0||RESGATE INVEST FACIL - Aplic/Resgate||
|I250|11104030002||51096,44|C|0||RESGATE INVEST FACIL - Aplic/Resgate||
|I200|135|02022024|160,89|N||
|I250|42103010033||160,89|D|0||PAGTO ELETRON COBRANCA ALARME CAMPOS 050224 - Seguranēa||
|I250|11102010002||160,89|C|0||PAGTO ELETRON COBRANCA ALARME CAMPOS 050224 - Seguranēa||
|I200|136|02022024|16254,77|N||
|I250|42103010020||16254,77|D|0||PAGTO ELETRONICO TRIBUTO INTERNET --PMSP SP - IPTU SP||
|I250|11102010002||16254,77|C|0||PAGTO ELETRONICO TRIBUTO INTERNET --PMSP SP - IPTU SP||
|I200|137|02022024|11278,67|N||
|I250|42103010020||11278,67|D|0||PAGTO ELETRONICO TRIBUTO INTERNET --PMSP SP - IPTU SP||
|I250|11102010002||11278,67|C|0||PAGTO ELETRONICO TRIBUTO INTERNET --PMSP SP - IPTU SP||
|I200|138|02022024|6497,6|N||
|I250|42103010020||6497,6|D|0||PAGTO ELETRONICO TRIBUTO INTERNET --PM CAMPOS DO JORDAO - IPTU CJ||
|I250|11102010002||6497,6|C|0||PAGTO ELETRONICO TRIBUTO INTERNET --PM CAMPOS DO JORDAO - IPTU CJ||
|I200|139|02022024|300,51|N||
|I250|42103010020||300,51|D|0||PAGTO ELETRONICO TRIBUTO INTERNET --PM DE COTIA - SP - IPTU Cotia||
|I250|11102010002||300,51|C|0||PAGTO ELETRONICO TRIBUTO INTERNET --PM DE COTIA - SP - IPTU Cotia||
|I200|140|02022024|300,51|N||
|I250|42103010020||300,51|D|0||PAGTO ELETRONICO TRIBUTO INTERNET --PM DE COTIA - SP - IPTU Cotia||
|I250|11102010002||300,51|C|0||PAGTO ELETRONICO TRIBUTO INTERNET --PM DE COTIA - SP - IPTU Cotia||
|I200|141|02022024|300,51|N||
|I250|42103010020||300,51|D|0||PAGTO ELETRONICO TRIBUTO INTERNET --PM DE COTIA - SP - IPTU Cotia||
|I250|11102010002||300,51|C|0||PAGTO ELETRONICO TRIBUTO INTERNET --PM DE COTIA - SP - IPTU Cotia||
|I200|142|02022024|300,51|N||
|I250|42103010020||300,51|D|0||PAGTO ELETRONICO TRIBUTO INTERNET --PM DE COTIA - SP - IPTU Cotia||
|I250|11102010002||300,51|C|0||PAGTO ELETRONICO TRIBUTO INTERNET --PM DE COTIA - SP - IPTU Cotia||
|I200|143|02022024|300,51|N||
|I250|42103010020||300,51|D|0||PAGTO ELETRONICO TRIBUTO INTERNET --PM DE COTIA - SP - IPTU Cotia||
|I250|11102010002||300,51|C|0||PAGTO ELETRONICO TRIBUTO INTERNET --PM DE COTIA - SP - IPTU Cotia||
|I200|144|02022024|300,51|N||
|I250|42103010020||300,51|D|0||PAGTO ELETRONICO TRIBUTO INTERNET --PM DE COTIA - SP - IPTU Cotia||
|I250|11102010002||300,51|C|0||PAGTO ELETRONICO TRIBUTO INTERNET --PM DE COTIA - SP - IPTU Cotia||
|I200|145|02022024|300,51|N||
|I250|42103010020||300,51|D|0||PAGTO ELETRONICO TRIBUTO INTERNET --PM DE COTIA - SP - IPTU Cotia||
|I250|11102010002||300,51|C|0||PAGTO ELETRONICO TRIBUTO INTERNET --PM DE COTIA - SP - IPTU Cotia||
|I200|146|02022024|300,51|N||
|I250|42103010020||300,51|D|0||PAGTO ELETRONICO TRIBUTO INTERNET --PM DE COTIA - SP - IPTU Cotia||
|I250|11102010002||300,51|C|0||PAGTO ELETRONICO TRIBUTO INTERNET --PM DE COTIA - SP - IPTU Cotia||
|I200|147|02022024|300,51|N||
|I250|42103010020||300,51|D|0||PAGTO ELETRONICO TRIBUTO INTERNET --PM DE COTIA - SP - IPTU Cotia||
|I250|11102010002||300,51|C|0||PAGTO ELETRONICO TRIBUTO INTERNET --PM DE COTIA - SP - IPTU Cotia||
|I200|148|02022024|300,51|N||
|I250|42103010020||300,51|D|0||PAGTO ELETRONICO TRIBUTO INTERNET --PM DE COTIA - SP - IPTU Cotia||
|I250|11102010002||300,51|C|0||PAGTO ELETRONICO TRIBUTO INTERNET --PM DE COTIA - SP - IPTU Cotia||
|I200|149|02022024|300,51|N||
|I250|42103010020||300,51|D|0||PAGTO ELETRONICO TRIBUTO INTERNET --PM DE COTIA - SP - IPTU Cotia||
|I250|11102010002||300,51|C|0||PAGTO ELETRONICO TRIBUTO INTERNET --PM DE COTIA - SP - IPTU Cotia||
|I200|150|02022024|2159,78|N||
|I250|42103010020||2159,78|D|0||PAGTO ELETRONICO TRIBUTO INTERNET --PM DE COTIA - SP - IPTU Cotia||
|I250|11102010002||2159,78|C|0||PAGTO ELETRONICO TRIBUTO INTERNET --PM DE COTIA - SP - IPTU Cotia||
|I200|151|02022024|2159,78|N||
|I250|42103010020||2159,78|D|0||PAGTO ELETRONICO TRIBUTO INTERNET --PM DE COTIA - SP - IPTU Cotia||
|I250|11102010002||2159,78|C|0||PAGTO ELETRONICO TRIBUTO INTERNET --PM DE COTIA - SP - IPTU Cotia||
|I200|152|02022024|2159,78|N||
|I250|42103010020||2159,78|D|0||PAGTO ELETRONICO TRIBUTO INTERNET --PM DE COTIA - SP - IPTU Cotia||
|I250|11102010002||2159,78|C|0||PAGTO ELETRONICO TRIBUTO INTERNET --PM DE COTIA - SP - IPTU Cotia||
|I200|153|02022024|2159,78|N||
|I250|42103010020||2159,78|D|0||PAGTO ELETRONICO TRIBUTO INTERNET --PM DE COTIA - SP - IPTU Cotia||
|I250|11102010002||2159,78|C|0||PAGTO ELETRONICO TRIBUTO INTERNET --PM DE COTIA - SP - IPTU Cotia||
|I200|154|02022024|2159,78|N||
|I250|42103010020||2159,78|D|0||PAGTO ELETRONICO TRIBUTO INTERNET --PM DE COTIA - SP - IPTU Cotia||
|I250|11102010002||2159,78|C|0||PAGTO ELETRONICO TRIBUTO INTERNET --PM DE COTIA - SP - IPTU Cotia||
|I200|155|02022024|2500|N||
|I250|42103010040||2500|D|0||TRANSF CC PARA CC PJ AZITA MARIA DA SILVERIO - Ajuda de Custo||
|I250|11102010002||2500|C|0||TRANSF CC PARA CC PJ AZITA MARIA DA SILVERIO - Ajuda de Custo||
|I200|156|02022024|300|N||
|I250|31101020003||300|D|0||TRANSFERENCIA PIX DES: Antonio Francisco Fur 02/02 - Manutenēćo Cotia||
|I250|11102010002||300|C|0||TRANSFERENCIA PIX DES: Antonio Francisco Fur 02/02 - Manutenēćo Cotia||
|I200|157|05022024|7000|N||
|I250|11102010002||7000|D|0||TRANSFERENCIA PIX REM: DOUGLAS MOTA     05/02 - Locaēćo Bertioga||
|I250|31101010001||7000|C|0||TRANSFERENCIA PIX REM: DOUGLAS MOTA     05/02 - Locaēćo Bertioga||
|I200|158|05022024|5,09|N||
|I250|42301010005||5,09|D|0||TARIFA BANCARIA TRANSF PGTO PIX - Despesas Bancįrias||
|I250|11102010002||5,09|C|0||TARIFA BANCARIA TRANSF PGTO PIX - Despesas Bancįrias||
|I200|159|05022024|9|N||
|I250|42301010005||9|D|0||TARIFA BANCARIA TRANSF PGTO PIX - Despesas Bancįrias||
|I250|11102010002||9|C|0||TARIFA BANCARIA TRANSF PGTO PIX - Despesas Bancįrias||
|I200|160|05022024|9|N||
|I250|42301010005||9|D|0||TARIFA BANCARIA TRANSF PGTO PIX - Despesas Bancįrias||
|I250|11102010002||9|C|0||TARIFA BANCARIA TRANSF PGTO PIX - Despesas Bancįrias||
|I200|161|05022024|2900,04|N||
|I250|42101020001||2900,04|D|0||PAGTO ELETRONICO TRIBUTO INTERNET --DOC.ARREC.DO ESOC - Esocial||
|I250|11102010002||2900,04|C|0||PAGTO ELETRONICO TRIBUTO INTERNET --DOC.ARREC.DO ESOC - Esocial||
|I200|162|05022024|4076,87|N||
|I250|11104030002||4076,87|D|0||APLIC.INVEST FACIL - Aplic/Resgate||
|I250|11102010002||4076,87|C|0||APLIC.INVEST FACIL - Aplic/Resgate||
|I200|163|06022024|10|N||
|I250|11102010002||10|D|0||RESGATE INVEST FACIL - Aplic/Resgate||
|I250|11104030002||10|C|0||RESGATE INVEST FACIL - Aplic/Resgate||
|I200|164|06022024|4,2|N||
|I250|42301010005||4,2|D|0||TARIFA BANCARIA TRANSF PGTO PIX - Despesas Bancįrias||
|I250|11102010002||4,2|C|0||TARIFA BANCARIA TRANSF PGTO PIX - Despesas Bancįrias||
|I200|165|07022024|29207,65|N||
|I250|11102010002||29207,65|D|0||RESGATE INVEST FACIL - Aplic/Resgate||
|I250|11104030002||29207,65|C|0||RESGATE INVEST FACIL - Aplic/Resgate||
|I200|166|07022024|16254,77|N||
|I250|42103010020||16254,77|D|0||PAGTO ELETRONICO TRIBUTO INTERNET --PMSP SP - IPTU SP||
|I250|11102010002||16254,77|C|0||PAGTO ELETRONICO TRIBUTO INTERNET --PMSP SP - IPTU SP||
|I200|167|07022024|2159,78|N||
|I250|42103010020||2159,78|D|0||PAGTO ELETRONICO TRIBUTO INTERNET --PM DE COTIA - SP - IPTU Cotia||
|I250|11102010002||2159,78|C|0||PAGTO ELETRONICO TRIBUTO INTERNET --PM DE COTIA - SP - IPTU Cotia||
|I200|168|07022024|2159,78|N||
|I250|42103010020||2159,78|D|0||PAGTO ELETRONICO TRIBUTO INTERNET --PM DE COTIA - SP - IPTU Cotia||
|I250|11102010002||2159,78|C|0||PAGTO ELETRONICO TRIBUTO INTERNET --PM DE COTIA - SP - IPTU Cotia||
|I200|169|07022024|2159,78|N||
|I250|42103010020||2159,78|D|0||PAGTO ELETRONICO TRIBUTO INTERNET --PM DE COTIA - SP - IPTU Cotia||
|I250|11102010002||2159,78|C|0||PAGTO ELETRONICO TRIBUTO INTERNET --PM DE COTIA - SP - IPTU Cotia||
|I200|170|07022024|2159,78|N||
|I250|42103010020||2159,78|D|0||PAGTO ELETRONICO TRIBUTO INTERNET --PM DE COTIA - SP - IPTU Cotia||
|I250|11102010002||2159,78|C|0||PAGTO ELETRONICO TRIBUTO INTERNET --PM DE COTIA - SP - IPTU Cotia||
|I200|171|07022024|2159,78|N||
|I250|42103010020||2159,78|D|0||PAGTO ELETRONICO TRIBUTO INTERNET --PM DE COTIA - SP - IPTU Cotia||
|I250|11102010002||2159,78|C|0||PAGTO ELETRONICO TRIBUTO INTERNET --PM DE COTIA - SP - IPTU Cotia||
|I200|172|07022024|2159,78|N||
|I250|42103010020||2159,78|D|0||PAGTO ELETRONICO TRIBUTO INTERNET --PM DE COTIA - SP - IPTU Cotia||
|I250|11102010002||2159,78|C|0||PAGTO ELETRONICO TRIBUTO INTERNET --PM DE COTIA - SP - IPTU Cotia||
|I200|173|08022024|8000|N||
|I250|11102010002||8000|D|0||TED-TRANSF ELET DISPON REMET.PAULO J M SILVEIRA - Locaēćo Bertioga||
|I250|31101010001||8000|C|0||TED-TRANSF ELET DISPON REMET.PAULO J M SILVEIRA - Locaēćo Bertioga||
|I200|174|08022024|2149,49|N||
|I250|11102010002||2149,49|D|0||RESGATE INVEST FACIL - Aplic/Resgate||
|I250|11104030002||2149,49|C|0||RESGATE INVEST FACIL - Aplic/Resgate||
|I200|175|08022024|2389,73|N||
|I250|31101020002||2389,73|D|0||PAGTO ELETRON COBRANCA COND 33 100224 - Condominio||
|I250|11102010002||2389,73|C|0||PAGTO ELETRON COBRANCA COND 33 100224 - Condominio||
|I200|176|08022024|2389,73|N||
|I250|31101020002||2389,73|D|0||PAGTO ELETRON COBRANCA COND 32 100224 - Condominio||
|I250|11102010002||2389,73|C|0||PAGTO ELETRON COBRANCA COND 32 100224 - Condominio||
|I200|177|08022024|447,32|N||
|I250|31101020002||447,32|D|0||PAGTO ELETRON COBRANCA COND FLORIPA 100224 - Condominio||
|I250|11102010002||447,32|C|0||PAGTO ELETRON COBRANCA COND FLORIPA 100224 - Condominio||
|I200|178|08022024|4460|N||
|I250|31101020003||4460|D|0||TRANSFERENCIA PIX DES: P K FERRAMENTAS LTDA 08/02 - Manutenēćo Cotia||
|I250|11102010002||4460|C|0||TRANSFERENCIA PIX DES: P K FERRAMENTAS LTDA 08/02 - Manutenēćo Cotia||
|I200|179|08022024|462,71|N||
|I250|31101020003||462,71|D|0||TRANSFERENCIA PIX DES: Antonio Francisco Fur 08/02 - Manutenēćo Cotia||
|I250|11102010002||462,71|C|0||TRANSFERENCIA PIX DES: Antonio Francisco Fur 08/02 - Manutenēćo Cotia||
|I200|180|09022024|1115,2|N||
|I250|11102010002||1115,2|D|0||RESGATE INVEST FACIL - Aplic/Resgate||
|I250|11104030002||1115,2|C|0||RESGATE INVEST FACIL - Aplic/Resgate||
|I200|181|09022024|1021,27|N||
|I250|31101020003||1021,27|D|0||PAGTO ELETRON COBRANCA CON EVA 090224 - Manutenēćo e Conservaēćo||
|I250|11102010002||1021,27|C|0||PAGTO ELETRON COBRANCA CON EVA 090224 - Manutenēćo e Conservaēćo||
|I200|182|09022024|93,93|N||
|I250|42103010021||93,93|D|0||CONTA DE AGUA E ESGOTO INTERNET --SANEPAR-PR - Įgua e Esgoto||
|I250|11102010002||93,93|C|0||CONTA DE AGUA E ESGOTO INTERNET --SANEPAR-PR - Įgua e Esgoto||
|I200|183|14022024|52,13|N||
|I250|11102010002||52,13|D|0||RESGATE INVEST FACIL - Aplic/Resgate||
|I250|11104030002||52,13|C|0||RESGATE INVEST FACIL - Aplic/Resgate||
|I200|184|14022024|6,47|N||
|I250|42301010005||6,47|D|0||TARIFA BANCARIA TRANSF PGTO PIX - Despesas Bancįrias||
|I250|11102010002||6,47|C|0||TARIFA BANCARIA TRANSF PGTO PIX - Despesas Bancįrias||
|I200|185|14022024|9|N||
|I250|42301010005||9|D|0||TARIFA BANCARIA TRANSF PGTO PIX - Despesas Bancįrias||
|I250|11102010002||9|C|0||TARIFA BANCARIA TRANSF PGTO PIX - Despesas Bancįrias||
|I200|186|14022024|36,66|N||
|I250|42301010005||36,66|D|0||CARTAO CREDITO ANUIDADE - Despesas Bancįrias||
|I250|11102010002||36,66|C|0||CARTAO CREDITO ANUIDADE - Despesas Bancįrias||
|I200|187|15022024|10141,9|N||
|I250|11102010002||10141,9|D|0||RESGATE INVEST FACIL - Aplic/Resgate||
|I250|11104030002||10141,9|C|0||RESGATE INVEST FACIL - Aplic/Resgate||
|I200|188|15022024|141,9|N||
|I250|42301010005||141,9|D|0||TARIFA BANCARIA Max Empresarial 1 - Despesas Bancįrias||
|I250|11102010002||141,9|C|0||TARIFA BANCARIA Max Empresarial 1 - Despesas Bancįrias||
|I200|189|15022024|10000|N||
|I250|22101030021||10000|D|0||TRANSFERENCIA PIX DES: Jose Rozinei da Silva 15/02 - Mśtuo Nei||
|I250|11102010002||10000|C|0||TRANSFERENCIA PIX DES: Jose Rozinei da Silva 15/02 - Mśtuo Nei||
|I200|190|15022024|132321,71|N||
|I250|11101010001||132321,71|D|0||CRE. CAMBIOSOP....595071-Despesa Manutenēćo Las Piedras||
|I250|31101010001||132321,71|C|0||CRE. CAMBIOSOP....595071-Despesa Manutenēćo Las Piedras||
|I200|191|15022024|734,1|N||
|I250|31101020003||734,1|D|0||TRASPASO A 2209481ILINK-Despesa Manutenēćo Las Piedras||
|I250|11101010001||734,1|C|0||TRASPASO A 2209481ILINK-Despesa Manutenēćo Las Piedras||
|I200|192|15022024|123,85|N||
|I250|31101020003||123,85|D|0||DEBITO BANKING CARD-Despesa Manutenēćo Las Piedras||
|I250|11101010001||123,85|C|0||DEBITO BANKING CARD-Despesa Manutenēćo Las Piedras||
|I200|193|16022024|17000|N||
|I250|11102010002||17000|D|0||RESGATE INVEST FACIL - Aplic/Resgate||
|I250|11104030002||17000|C|0||RESGATE INVEST FACIL - Aplic/Resgate||
|I200|194|16022024|15000|N||
|I250|22101030021||15000|D|0||TRANSFERENCIA PIX DES: Jose Rozinei da Silva 16/02 - Mśtuo Nei||
|I250|11102010002||15000|C|0||TRANSFERENCIA PIX DES: Jose Rozinei da Silva 16/02 - Mśtuo Nei||
|I200|195|16022024|2000|N||
|I250|12301010010||2000|D|0||TRANSFERENCIA PIX DES: CACIO LUĶS DA SILVA  16/02 - Obra Guarujį||
|I250|11102010002||2000|C|0||TRANSFERENCIA PIX DES: CACIO LUĶS DA SILVA  16/02 - Obra Guarujį||
|I200|196|16022024|24769,2|N||
|I250|31101020003||24769,2|D|0||DEB. CAMBIOSST....891518-Despesa Manutenēćo Las Piedras||
|I250|11101010001||24769,2|C|0||DEB. CAMBIOSST....891518-Despesa Manutenēćo Las Piedras||
|I200|197|16022024|123,85|N||
|I250|31101020003||123,85|D|0||DEB. CAMBIOSST....891518-Despesa Manutenēćo Las Piedras||
|I250|11101010001||123,85|C|0||DEB. CAMBIOSST....891518-Despesa Manutenēćo Las Piedras||
|I200|198|16022024|76980,94|N||
|I250|31101020003||76980,94|D|0||COMPRA IMMA LINK-Despesa Manutenēćo Las Piedras||
|I250|11101010001||76980,94|C|0||COMPRA IMMA LINK-Despesa Manutenēćo Las Piedras||
|I200|199|20022024|17617,99|N||
|I250|11102010002||17617,99|D|0||RESGATE INVEST FACIL - Aplic/Resgate||
|I250|11104030002||17617,99|C|0||RESGATE INVEST FACIL - Aplic/Resgate||
|I200|200|20022024|10290|N||
|I250|31101020002||10290|D|0||PAGTO ELETRON COBRANCA COND SASIP 250224 - Condominio||
|I250|11102010002||10290|C|0||PAGTO ELETRON COBRANCA COND SASIP 250224 - Condominio||
|I200|201|20022024|1455,77|N||
|I250|31101020003||1455,77|D|0||PAGTO ELETRON COBRANCA CONV CARLOS 200224 - Manutenēćo e Conservaēćo||
|I250|11102010002||1455,77|C|0||PAGTO ELETRON COBRANCA CONV CARLOS 200224 - Manutenēćo e Conservaēćo||
|I200|202|20022024|9|N||
|I250|42301010005||9|D|0||TARIFA BANCARIA TRANSF PGTO PIX - Despesas Bancįrias||
|I250|11102010002||9|C|0||TARIFA BANCARIA TRANSF PGTO PIX - Despesas Bancįrias||
|I200|203|20022024|9|N||
|I250|42301010005||9|D|0||TARIFA BANCARIA TRANSF PGTO PIX - Despesas Bancįrias||
|I250|11102010002||9|C|0||TARIFA BANCARIA TRANSF PGTO PIX - Despesas Bancįrias||
|I200|204|20022024|5649|N||
|I250|12301010010||5649|D|0||TRANSFERENCIA PIX DES: CACIO LUĶS DA SILVA  20/02 - Obra Guarujį||
|I250|11102010002||5649|C|0||TRANSFERENCIA PIX DES: CACIO LUĶS DA SILVA  20/02 - Obra Guarujį||
|I200|205|20022024|43,58|N||
|I250|42103010013||43,58|D|0||CONTA DE LUZ INTERNET --ENEL DISTRIBUICAO/SP - Energia Elétrica||
|I250|11102010002||43,58|C|0||CONTA DE LUZ INTERNET --ENEL DISTRIBUICAO/SP - Energia Elétrica||
|I200|206|20022024|72,01|N||
|I250|42103010013||72,01|D|0||CONTA DE LUZ INTERNET --ENEL DISTRIBUICAO/SP - Energia Elétrica||
|I250|11102010002||72,01|C|0||CONTA DE LUZ INTERNET --ENEL DISTRIBUICAO/SP - Energia Elétrica||
|I200|207|20022024|89,63|N||
|I250|42103010013||89,63|D|0||CONTA DE LUZ INTERNET --ENEL DISTRIBUICAO/SP - Energia Elétrica||
|I250|11102010002||89,63|C|0||CONTA DE LUZ INTERNET --ENEL DISTRIBUICAO/SP - Energia Elétrica||
|I200|208|21022024|1666,92|N||
|I250|11102010002||1666,92|D|0||RESGATE INVEST FACIL - Aplic/Resgate||
|I250|11104030002||1666,92|C|0||RESGATE INVEST FACIL - Aplic/Resgate||
|I200|209|21022024|1450|N||
|I250|12301010010||1450|D|0||TRANSFERENCIA PIX DES: Adeliano Azevedo Sant 21/02 - Obra Guarujį||
|I250|11102010002||1450|C|0||TRANSFERENCIA PIX DES: Adeliano Azevedo Sant 21/02 - Obra Guarujį||
|I200|210|21022024|216,92|N||
|I250|42103010035||216,92|D|0||CONTA DE TELEFONE INTERNET --TELEFONICA BRASIL S/ - Telefonia e Dados||
|I250|11102010002||216,92|C|0||CONTA DE TELEFONE INTERNET --TELEFONICA BRASIL S/ - Telefonia e Dados||
|I200|211|22022024|687,53|N||
|I250|11102010002||687,53|D|0||RESGATE INVEST FACIL - Aplic/Resgate||
|I250|11104030002||687,53|C|0||RESGATE INVEST FACIL - Aplic/Resgate||
|I200|212|22022024|369,53|N||
|I250|42103010021||369,53|D|0||PAGTO ELETRON COBRANCA AJS AGUA 32 E33 250224 - Įgua e Esgoto||
|I250|11102010002||369,53|C|0||PAGTO ELETRON COBRANCA AJS AGUA 32 E33 250224 - Įgua e Esgoto||
|I200|213|22022024|309|N||
|I250|42103010001||309|D|0||PAGTO ELETRON COBRANCA VIRTUAL OFFICE 260224 - Aluguel||
|I250|11102010002||309|C|0||PAGTO ELETRON COBRANCA VIRTUAL OFFICE 260224 - Aluguel||
|I200|214|22022024|9|N||
|I250|42301010005||9|D|0||TARIFA BANCARIA TRANSF PGTO PIX - Despesas Bancįrias||
|I250|11102010002||9|C|0||TARIFA BANCARIA TRANSF PGTO PIX - Despesas Bancįrias||
|I200|215|23022024|231,77|N||
|I250|11102010002||231,77|D|0||RESGATE INVEST FACIL - Aplic/Resgate||
|I250|11104030002||231,77|C|0||RESGATE INVEST FACIL - Aplic/Resgate||
|I200|216|23022024|9|N||
|I250|42301010005||9|D|0||TARIFA BANCARIA TRANSF PGTO PIX - Despesas Bancįrias||
|I250|11102010002||9|C|0||TARIFA BANCARIA TRANSF PGTO PIX - Despesas Bancįrias||
|I200|217|23022024|222,77|N||
|I250|42103010021||222,77|D|0||CONTA DE AGUA E ESGOTO INTERNET --SABESP/SP - Įgua e Esgoto||
|I250|11102010002||222,77|C|0||CONTA DE AGUA E ESGOTO INTERNET --SABESP/SP - Įgua e Esgoto||
|I200|218|26022024|5557,23|N||
|I250|11102010002||5557,23|D|0||RESGATE INVEST FACIL - Aplic/Resgate||
|I250|11104030002||5557,23|C|0||RESGATE INVEST FACIL - Aplic/Resgate||
|I200|219|26022024|877,11|N||
|I250|42101020001||877,11|D|0||PAGTO ELETRONICO TRIBUTO INTERNET --DOC.ARREC.DO ESOCIAL - Esocial||
|I250|11102010002||877,11|C|0||PAGTO ELETRONICO TRIBUTO INTERNET --DOC.ARREC.DO ESOCIAL - Esocial||
|I200|220|26022024|880,12|N||
|I250|42101020001||880,12|D|0||PAGTO ELETRONICO TRIBUTO INTERNET --DOC.ARREC.DO ESOCIAL - Esocial||
|I250|11102010002||880,12|C|0||PAGTO ELETRONICO TRIBUTO INTERNET --DOC.ARREC.DO ESOCIAL - Esocial||
|I200|221|26022024|3800|N||
|I250|12301010010||3800|D|0||TRANSFERENCIA PIX DES: JOSE NOEL SIQUEIRA DE 26/02 - Obra Guarujį||
|I250|11102010002||3800|C|0||TRANSFERENCIA PIX DES: JOSE NOEL SIQUEIRA DE 26/02 - Obra Guarujį||
|I200|222|27022024|6802,21|N||
|I250|11102010002||6802,21|D|0||RESGATE INVEST FACIL - Aplic/Resgate||
|I250|11104030002||6802,21|C|0||RESGATE INVEST FACIL - Aplic/Resgate||
|I200|223|27022024|1984,16|N||
|I250|31101020002||1984,16|D|0||PAGTO ELETRON COBRANCA COND 139A 200224 - Condominio||
|I250|11102010002||1984,16|C|0||PAGTO ELETRON COBRANCA COND 139A 200224 - Condominio||
|I200|224|27022024|1511,96|N||
|I250|31101020002||1511,96|D|0||PAGTO ELETRON COBRANCA COND 137A 200224 - Condominio||
|I250|11102010002||1511,96|C|0||PAGTO ELETRON COBRANCA COND 137A 200224 - Condominio||
|I200|225|27022024|1856,09|N||
|I250|31101020002||1856,09|D|0||PAGTO ELETRON COBRANCA COND 138A 200224 - Condominio||
|I250|11102010002||1856,09|C|0||PAGTO ELETRON COBRANCA COND 138A 200224 - Condominio||
|I200|226|27022024|1450|N||
|I250|12301010010||1450|D|0||TRANSFERENCIA PIX DES: ADELIANO AZEVEDO SANT 27/02 - Obra Guarujį||
|I250|11102010002||1450|C|0||TRANSFERENCIA PIX DES: ADELIANO AZEVEDO SANT 27/02 - Obra Guarujį||
|I200|227|28022024|2543,26|N||
|I250|11102010002||2543,26|D|0||RESGATE INVEST FACIL - Aplic/Resgate||
|I250|11104030002||2543,26|C|0||RESGATE INVEST FACIL - Aplic/Resgate||
|I200|228|28022024|2534,26|N||
|I250|12301010010||2534,26|D|0||PAGTO ELETRON COBRANCA OBRA GJ NF 1572 - Obra Guarujį||
|I250|11102010002||2534,26|C|0||PAGTO ELETRON COBRANCA OBRA GJ NF 1572 - Obra Guarujį||
|I200|229|28022024|9|N||
|I250|42301010005||9|D|0||TARIFA BANCARIA TRANSF PGTO PIX - Despesas Bancįrias||
|I250|11102010002||9|C|0||TARIFA BANCARIA TRANSF PGTO PIX - Despesas Bancįrias||
|I200|230|29022024|130000|N||
|I250|11102010002||130000|D|0||TRANSF CC PARA CC PJ KIPSTONE SERVICOS E TECNOLOGIA L - Mśtuo KPL||
|I250|22101030018||130000|C|0||TRANSF CC PARA CC PJ KIPSTONE SERVICOS E TECNOLOGIA L - Mśtuo KPL||
|I200|231|29022024|21948,3|N||
|I250|42101010006||21948,3|D|0||PAGTO ELETRON COBRANCA CONV CLAUDIA 290224 - Assistźncia Médica||
|I250|11102010002||21948,3|C|0||PAGTO ELETRON COBRANCA CONV CLAUDIA 290224 - Assistźncia Médica||
|I200|232|29022024|9|N||
|I250|42301010005||9|D|0||TARIFA BANCARIA TRANSF PGTO PIX - Despesas Bancįrias||
|I250|11102010002||9|C|0||TARIFA BANCARIA TRANSF PGTO PIX - Despesas Bancįrias||
|I200|233|29022024|91082,48|N||
|I250|11104030002||91082,48|D|0||APLIC.INVEST FACIL - Aplic/Resgate||
|I250|11102010002||91082,48|C|0||APLIC.INVEST FACIL - Aplic/Resgate||
|I200|234|29022024|15000|N||
|I250|22101030021||15000|D|0||TRANSFERENCIA PIX DES: José Rozinei da Silva 29/02 - Mśtuo Nei||
|I250|11102010002||15000|C|0||TRANSFERENCIA PIX DES: José Rozinei da Silva 29/02 - Mśtuo Nei||
|I200|235|29022024|1800|N||
|I250|12301010010||1800|D|0||TRANSFERENCIA PIX DES: JOYCE MARION ZORGDRAG 29/02 - Obra Guarujį||
|I250|11102010002||1800|C|0||TRANSFERENCIA PIX DES: JOYCE MARION ZORGDRAG 29/02 - Obra Guarujį||
|I200|236|29022024|160,22|N||
|I250|42103010039||160,22|D|0||TRANSFERENCIA PIX DES: PATRICIA LIMA DA SILV 29/02 - Licenciamento Strada||
|I250|11102010002||160,22|C|0||TRANSFERENCIA PIX DES: PATRICIA LIMA DA SILV 29/02 - Licenciamento Strada||
|I200|237|29022024|123,85|N||
|I250|31101020003||123,85|D|0||GASTOS MAN.RELACION-Despesa Manutenēćo Las Piedras||
|I250|11101010001||123,85|C|0||GASTOS MAN.RELACION-Despesa Manutenēćo Las Piedras||
|I200|238|01032024|24,12|N||
|I250|11102010002||24,12|D|0||RESGATE INVEST FACIL - Aplic/Resgate||
|I250|11104030002||24,12|C|0||RESGATE INVEST FACIL - Aplic/Resgate||
|I200|239|01032024|4077,82|N||
|I250|11102010002||4077,82|D|0||RESGATE INVEST FACIL - Aplic/Resgate||
|I250|11104030002||4077,82|C|0||RESGATE INVEST FACIL - Aplic/Resgate||
|I200|240|01032024|56825,03|N||
|I250|11102010002||56825,03|D|0||RESGATE INVEST FACIL - Aplic/Resgate||
|I250|11104030002||56825,03|C|0||RESGATE INVEST FACIL - Aplic/Resgate||
|I200|241|01032024|103,36|N||
|I250|42103010013||103,36|D|0||PAGTO ELETRON COBRANCA ELEKTRO 2504 010324 - Energia Elétrica||
|I250|11102010002||103,36|C|0||PAGTO ELETRON COBRANCA ELEKTRO 2504 010324 - Energia Elétrica||
|I200|242|01032024|11423,32|N||
|I250|42101010006||11423,32|D|0||PAGTO ELETRON COBRANCA CONV NEI 010324 - Assistźncia Médica||
|I250|11102010002||11423,32|C|0||PAGTO ELETRON COBRANCA CONV NEI 010324 - Assistźncia Médica||
|I200|243|01032024|1621,82|N||
|I250|31101020002||1621,82|D|0||PAGTO ELETRON COBRANCA MARE 62 010324 - Condominio||
|I250|11102010002||1621,82|C|0||PAGTO ELETRON COBRANCA MARE 62 010324 - Condominio||
|I200|244|01032024|1621,82|N||
|I250|31101020002||1621,82|D|0||PAGTO ELETRON COBRANCA MARE 88 010324 - Condominio||
|I250|11102010002||1621,82|C|0||PAGTO ELETRON COBRANCA MARE 88 010324 - Condominio||
|I200|245|01032024|1621,82|N||
|I250|31101020002||1621,82|D|0||PAGTO ELETRON COBRANCA MARE 92 010324 - Condominio||
|I250|11102010002||1621,82|C|0||PAGTO ELETRON COBRANCA MARE 92 010324 - Condominio||
|I200|246|01032024|8976,8|N||
|I250|12301010010||8976,8|D|0||PAGTO ELETRON COBRANCA OBRA GJ NF 161 - Obra Guarujį||
|I250|11102010002||8976,8|C|0||PAGTO ELETRON COBRANCA OBRA GJ NF 161 - Obra Guarujį||
|I200|247|01032024|918,75|N||
|I250|31101020002||918,75|D|0||PAGTO ELETRON COBRANCA COND CAMPOS 010324 - Condominio||
|I250|11102010002||918,75|C|0||PAGTO ELETRON COBRANCA COND CAMPOS 010324 - Condominio||
|I200|248|01032024|328,1|N||
|I250|42103010013||328,1|D|0||PAGTO ELETRON COBRANCA ELEKTRO 3605 080324 - Energia Elétrica||
|I250|11102010002||328,1|C|0||PAGTO ELETRON COBRANCA ELEKTRO 3605 080324 - Energia Elétrica||
|I200|249|01032024|454,74|N||
|I250|42103010013||454,74|D|0||PAGTO ELETRON COBRANCA ELEKTRO 8634 080324 - Energia Elétrica||
|I250|11102010002||454,74|C|0||PAGTO ELETRON COBRANCA ELEKTRO 8634 080324 - Energia Elétrica||
|I200|250|01032024|108,76|N||
|I250|42103010013||108,76|D|0||PAGTO ELETRON COBRANCA ELEKTRO 4973 010324 - Energia Elétrica||
|I250|11102010002||108,76|C|0||PAGTO ELETRON COBRANCA ELEKTRO 4973 010324 - Energia Elétrica||
|I200|251|01032024|2265,3|N||
|I250|42103010020||2265,3|D|0||PAGTO ELETRONICO TRIBUTO INTERNET --P.M CURITIBA/PR - IPTU Pedro Nicco||
|I250|11102010002||2265,3|C|0||PAGTO ELETRONICO TRIBUTO INTERNET --P.M CURITIBA/PR - IPTU Pedro Nicco||
|I200|252|01032024|5151,25|N||
|I250|42103010020||5151,25|D|0||PAGTO ELETRONICO TRIBUTO INTERNET --P.M CURITIBA/PR - IPTU Pedro Viriatto||
|I250|11102010002||5151,25|C|0||PAGTO ELETRONICO TRIBUTO INTERNET --P.M CURITIBA/PR - IPTU Pedro Viriatto||
|I200|253|01032024|2500|N||
|I250|42103010040||2500|D|0||TRANSF CC PARA CC PJ AZITA MARIA DA SILVERIO - Ajuda de Custo||
|I250|11102010002||2500|C|0||TRANSF CC PARA CC PJ AZITA MARIA DA SILVERIO - Ajuda de Custo||
|I200|254|01032024|300|N||
|I250|31101020003||300|D|0||TRANSFERENCIA PIX DES: Antonio Francisco Fur 01/03 - Manutenēćo Cotia||
|I250|11102010002||300|C|0||TRANSFERENCIA PIX DES: Antonio Francisco Fur 01/03 - Manutenēćo Cotia||
|I200|255|01032024|600|N||
|I250|12301010010||600|D|0||TRANSFERENCIA PIX DES: Jose Edvaldo Freire  01/03 - Obra Guarujį||
|I250|11102010002||600|C|0||TRANSFERENCIA PIX DES: Jose Edvaldo Freire  01/03 - Obra Guarujį||
|I200|256|01032024|12000|N||
|I250|12301010010||12000|D|0||TRANSFERENCIA PIX DES: Helio Novaes Almeida 01/03 - Obra Guarujį||
|I250|11102010002||12000|C|0||TRANSFERENCIA PIX DES: Helio Novaes Almeida 01/03 - Obra Guarujį||
|I200|257|01032024|1928|N||
|I250|31101020003||1928|D|0||TRANSFERENCIA PIX DES: Eva Koch Santos    01/03 - Manutenēćo e Conservaēćo||
|I250|11102010002||1928|C|0||TRANSFERENCIA PIX DES: Eva Koch Santos    01/03 - Manutenēćo e Conservaēćo||
|I200|258|01032024|1980|N||
|I250|31101020003||1980|D|0||TRANSFERENCIA PIX DES: CARLOS ROBERTO DE OLI 01/03 - Manutenēćo e Conservaēćo||
|I250|11102010002||1980|C|0||TRANSFERENCIA PIX DES: CARLOS ROBERTO DE OLI 01/03 - Manutenēćo e Conservaēćo||
|I200|259|01032024|2000|N||
|I250|42103010040||2000|D|0||TRANSFERENCIA PIX DES: CLAUDIA GOMES     01/03 - Ajuda de Custo||
|I250|11102010002||2000|C|0||TRANSFERENCIA PIX DES: CLAUDIA GOMES     01/03 - Ajuda de Custo||
|I200|260|01032024|3494|N||
|I250|31101020003||3494|D|0||TRANSFERENCIA PIX DES: MARIA CRISTINA RAYMUN 01/03 - Manutenēćo e Conservaēćo||
|I250|11102010002||3494|C|0||TRANSFERENCIA PIX DES: MARIA CRISTINA RAYMUN 01/03 - Manutenēćo e Conservaēćo||
|I200|261|01032024|1500|N||
|I250|31101020003||1500|D|0||TRANSFERENCIA PIX DES: LUIZ CARLOS DA SILVA 01/03 - Manutenēćo e Conservaēćo||
|I250|11102010002||1500|C|0||TRANSFERENCIA PIX DES: LUIZ CARLOS DA SILVA 01/03 - Manutenēćo e Conservaēćo||
|I200|262|01032024|29,13|N||
|I250|42103010021||29,13|D|0||CONTA DE AGUA E ESGOTO INTERNET --SABESP/SP - Įgua e Esgoto||
|I250|11102010002||29,13|C|0||CONTA DE AGUA E ESGOTO INTERNET --SABESP/SP - Įgua e Esgoto||
|I200|263|04032024|10989,37|N||
|I250|11102010002||10989,37|D|0||RESGATE INVEST FACIL - Aplic/Resgate||
|I250|11104030002||10989,37|C|0||RESGATE INVEST FACIL - Aplic/Resgate||
|I200|264|04032024|3779,3|N||
|I250|31101020002||3779,3|D|0||PAGTO ELETRON COBRANCA COND PALAIS ROYAL 050324 - Condominio||
|I250|11102010002||3779,3|C|0||PAGTO ELETRON COBRANCA COND PALAIS ROYAL 050324 - Condominio||
|I200|265|04032024|2,24|N||
|I250|42301010005||2,24|D|0||TARIFA BANCARIA TRANSF PGTO PIX - Despesas Bancįrias||
|I250|11102010002||2,24|C|0||TARIFA BANCARIA TRANSF PGTO PIX - Despesas Bancįrias||
|I200|266|04032024|9|N||
|I250|42301010005||9|D|0||TARIFA BANCARIA TRANSF PGTO PIX - Despesas Bancįrias||
|I250|11102010002||9|C|0||TARIFA BANCARIA TRANSF PGTO PIX - Despesas Bancįrias||
|I200|267|04032024|9|N||
|I250|42301010005||9|D|0||TARIFA BANCARIA TRANSF PGTO PIX - Despesas Bancįrias||
|I250|11102010002||9|C|0||TARIFA BANCARIA TRANSF PGTO PIX - Despesas Bancįrias||
|I200|268|04032024|2459,83|N||
|I250|42101020001||2459,83|D|0||PAGTO ELETRONICO TRIBUTO INTERNET --DOC.ARREC.DO ESOC - Esocial||
|I250|11102010002||2459,83|C|0||PAGTO ELETRONICO TRIBUTO INTERNET --DOC.ARREC.DO ESOC - Esocial||
|I200|269|04032024|4730|N||
|I250|12301010010||4730|D|0||TRANSFERENCIA PIX DES: ADELIANO AZEVEDO SANT 04/03 - Obra Guarujį||
|I250|11102010002||4730|C|0||TRANSFERENCIA PIX DES: ADELIANO AZEVEDO SANT 04/03 - Obra Guarujį||
|I200|270|05032024|7000|N||
|I250|11102010002||7000|D|0||TRANSFERENCIA PIX REM: DOUGLAS MOTA     05/03 - Locaēćo Bertioga||
|I250|31101010001||7000|C|0||TRANSFERENCIA PIX REM: DOUGLAS MOTA     05/03 - Locaēćo Bertioga||
|I200|271|05032024|160,89|N||
|I250|42103010033||160,89|D|0||PAGTO ELETRON COBRANCA ALARME CAMPOS 050324 - Seguranēa||
|I250|11102010002||160,89|C|0||PAGTO ELETRON COBRANCA ALARME CAMPOS 050324 - Seguranēa||
|I200|272|05032024|4,2|N||
|I250|42301010005||4,2|D|0||TARIFA BANCARIA TRANSF PGTO PIX - Despesas Bancįrias||
|I250|11102010002||4,2|C|0||TARIFA BANCARIA TRANSF PGTO PIX - Despesas Bancįrias||
|I200|273|05032024|8,4|N||
|I250|42301010005||8,4|D|0||TARIFA BANCARIA TRANSF PGTO PIX - Despesas Bancįrias||
|I250|11102010002||8,4|C|0||TARIFA BANCARIA TRANSF PGTO PIX - Despesas Bancįrias||
|I200|274|05032024|9|N||
|I250|42301010005||9|D|0||TARIFA BANCARIA TRANSF PGTO PIX - Despesas Bancįrias||
|I250|11102010002||9|C|0||TARIFA BANCARIA TRANSF PGTO PIX - Despesas Bancįrias||
|I200|275|05032024|9|N||
|I250|42301010005||9|D|0||TARIFA BANCARIA TRANSF PGTO PIX - Despesas Bancįrias||
|I250|11102010002||9|C|0||TARIFA BANCARIA TRANSF PGTO PIX - Despesas Bancįrias||
|I200|276|05032024|9|N||
|I250|42301010005||9|D|0||TARIFA BANCARIA TRANSF PGTO PIX - Despesas Bancįrias||
|I250|11102010002||9|C|0||TARIFA BANCARIA TRANSF PGTO PIX - Despesas Bancįrias||
|I200|277|05032024|9|N||
|I250|42301010005||9|D|0||TARIFA BANCARIA TRANSF PGTO PIX - Despesas Bancįrias||
|I250|11102010002||9|C|0||TARIFA BANCARIA TRANSF PGTO PIX - Despesas Bancįrias||
|I200|278|05032024|9|N||
|I250|42301010005||9|D|0||TARIFA BANCARIA TRANSF PGTO PIX - Despesas Bancįrias||
|I250|11102010002||9|C|0||TARIFA BANCARIA TRANSF PGTO PIX - Despesas Bancįrias||
|I200|279|05032024|9|N||
|I250|42301010005||9|D|0||TARIFA BANCARIA TRANSF PGTO PIX - Despesas Bancįrias||
|I250|11102010002||9|C|0||TARIFA BANCARIA TRANSF PGTO PIX - Despesas Bancįrias||
|I200|280|05032024|6772,51|N||
|I250|11104030002||6772,51|D|0||APLIC.INVEST FACIL - Aplic/Resgate||
|I250|11102010002||6772,51|C|0||APLIC.INVEST FACIL - Aplic/Resgate||
|I200|281|06032024|448,57|N||
|I250|11102010002||448,57|D|0||RESGATE INVEST FACIL - Aplic/Resgate||
|I250|11104030002||448,57|C|0||RESGATE INVEST FACIL - Aplic/Resgate||
|I200|282|06032024|448,57|N||
|I250|31101020002||448,57|D|0||PAGTO ELETRON COBRANCA COND FLORIPA 100324 - Condominio||
|I250|11102010002||448,57|C|0||PAGTO ELETRON COBRANCA COND FLORIPA 100324 - Condominio||
|I200|283|07032024|5023,64|N||
|I250|11102010002||5023,64|D|0||RESGATE INVEST FACIL - Aplic/Resgate||
|I250|11104030002||5023,64|C|0||RESGATE INVEST FACIL - Aplic/Resgate||
|I200|284|07032024|2507,32|N||
|I250|31101020002||2507,32|D|0||PAGTO ELETRON COBRANCA COND 32 100324 - Condominio||
|I250|11102010002||2507,32|C|0||PAGTO ELETRON COBRANCA COND 32 100324 - Condominio||
|I200|285|07032024|2507,32|N||
|I250|31101020002||2507,32|D|0||PAGTO ELETRON COBRANCA COND 33 100324 - Condominio||
|I250|11102010002||2507,32|C|0||PAGTO ELETRON COBRANCA COND 33 100324 - Condominio||
|I200|286|07032024|9|N||
|I250|42301010005||9|D|0||TARIFA BANCARIA TRANSF PGTO PIX - Despesas Bancįrias||
|I250|11102010002||9|C|0||TARIFA BANCARIA TRANSF PGTO PIX - Despesas Bancįrias||
|I200|287|08032024|8000|N||
|I250|11102010002||8000|D|0||TED-TRANSF ELET DISPON REMET.PAULO J M SILVEIRA - Locaēćo Bertioga||
|I250|31101010001||8000|C|0||TED-TRANSF ELET DISPON REMET.PAULO J M SILVEIRA - Locaēćo Bertioga||
|I200|288|08032024|8000|N||
|I250|11104030002||8000|D|0||APLIC.INVEST FACIL - Aplic/Resgate||
|I250|11102010002||8000|C|0||APLIC.INVEST FACIL - Aplic/Resgate||
|I200|289|11032024|976,76|N||
|I250|11102010002||976,76|D|0||TRANSFERENCIA PIX REM: CLASSIC GESTAO ADMINI 11/03 - Locaēćo Ctba||
|I250|31101010001||976,76|C|0||TRANSFERENCIA PIX REM: CLASSIC GESTAO ADMINI 11/03 - Locaēćo Ctba||
|I200|290|11032024|36,66|N||
|I250|42301010005||36,66|D|0||CARTAO CREDITO ANUIDADE - Despesas Bancįrias||
|I250|11102010002||36,66|C|0||CARTAO CREDITO ANUIDADE - Despesas Bancįrias||
|I200|291|11032024|940,1|N||
|I250|11104030002||940,1|D|0||APLIC.INVEST FACIL - Aplic/Resgate||
|I250|11102010002||940,1|C|0||APLIC.INVEST FACIL - Aplic/Resgate||
|I200|292|12032024|2027,64|N||
|I250|11102010002||2027,64|D|0||RESGATE INVEST FACIL - Aplic/Resgate||
|I250|11104030002||2027,64|C|0||RESGATE INVEST FACIL - Aplic/Resgate||
|I200|293|12032024|2027,64|N||
|I250|31101020003||2027,64|D|0||TRANSFERENCIA PIX DES: Antonio Francisco Fur 12/03 - Manutenēćo Cotia||
|I250|11102010002||2027,64|C|0||TRANSFERENCIA PIX DES: Antonio Francisco Fur 12/03 - Manutenēćo Cotia||
|I200|294|14032024|1464,77|N||
|I250|11102010002||1464,77|D|0||RESGATE INVEST FACIL - Aplic/Resgate||
|I250|11104030002||1464,77|C|0||RESGATE INVEST FACIL - Aplic/Resgate||
|I200|295|14032024|1455,77|N||
|I250|31101020003||1455,77|D|0||PAGTO ELETRON COBRANCA CONV CARLOS 200324 - Manutenēćo e Conservaēćo||
|I250|11102010002||1455,77|C|0||PAGTO ELETRON COBRANCA CONV CARLOS 200324 - Manutenēćo e Conservaēćo||
|I200|296|14032024|9|N||
|I250|42301010005||9|D|0||TARIFA BANCARIA TRANSF PGTO PIX - Despesas Bancįrias||
|I250|11102010002||9|C|0||TARIFA BANCARIA TRANSF PGTO PIX - Despesas Bancįrias||
|I200|297|14032024|18576,9|N||
|I250|31101020003||18576,9|D|0||DEB. CAMBIOSST....375053-Despesa Manutenēćo Las Piedras||
|I250|11101010001||18576,9|C|0||DEB. CAMBIOSST....375053-Despesa Manutenēćo Las Piedras||
|I200|298|14032024|123,85|N||
|I250|31101020003||123,85|D|0||DEB. CAMBIOSST....375053-Despesa Manutenēćo Las Piedras||
|I250|11101010001||123,85|C|0||DEB. CAMBIOSST....375053-Despesa Manutenēćo Las Piedras||
|I200|299|15032024|1384,83|N||
|I250|11102010002||1384,83|D|0||RESGATE INVEST FACIL - Aplic/Resgate||
|I250|11104030002||1384,83|C|0||RESGATE INVEST FACIL - Aplic/Resgate||
|I200|300|15032024|1021,27|N||
|I250|31101020003||1021,27|D|0||PAGTO ELETRON COBRANCA CONV EVA 200324 - Manutenēćo e Conservaēćo||
|I250|11102010002||1021,27|C|0||PAGTO ELETRON COBRANCA CONV EVA 200324 - Manutenēćo e Conservaēćo||
|I200|301|15032024|141,9|N||
|I250|42301010005||141,9|D|0||TARIFA BANCARIA Max Empresarial 1 - Despesas Bancįrias||
|I250|11102010002||141,9|C|0||TARIFA BANCARIA Max Empresarial 1 - Despesas Bancįrias||
|I200|302|15032024|221,66|N||
|I250|42103010035||221,66|D|0||CONTA DE TELEFONE INTERNET --TELEFONICA BRASIL S/ - Telefonia e Dados||
|I250|11102010002||221,66|C|0||CONTA DE TELEFONE INTERNET --TELEFONICA BRASIL S/ - Telefonia e Dados||
|I200|303|15032024|123,85|N||
|I250|31101020003||123,85|D|0||DEBITO BANKING CARD-Despesa Manutenēćo Las Piedras||
|I250|11101010001||123,85|C|0||DEBITO BANKING CARD-Despesa Manutenēćo Las Piedras||
|I200|304|18032024|40000|N||
|I250|11102010002||40000|D|0||TRANSF CC PARA CC PJ KIPSTONE SERVICOS E TECNOLOGIA L - Mśtuo KPL||
|I250|22101030018||40000|C|0||TRANSF CC PARA CC PJ KIPSTONE SERVICOS E TECNOLOGIA L - Mśtuo KPL||
|I200|305|18032024|1919,38|N||
|I250|31101020002||1919,38|D|0||PAGTO ELETRON COBRANCA COND139A 180324 - Condominio||
|I250|11102010002||1919,38|C|0||PAGTO ELETRON COBRANCA COND139A 180324 - Condominio||
|I200|306|18032024|1795,47|N||
|I250|31101020002||1795,47|D|0||PAGTO ELETRON COBRANCA COND 138A 180324 - Condominio||
|I250|11102010002||1795,47|C|0||PAGTO ELETRON COBRANCA COND 138A 180324 - Condominio||
|I200|307|18032024|1462,62|N||
|I250|31101020002||1462,62|D|0||PAGTO ELETRON COBRANCA COND 137A 180324 - Condominio||
|I250|11102010002||1462,62|C|0||PAGTO ELETRON COBRANCA COND 137A 180324 - Condominio||
|I200|308|18032024|6077,7|N||
|I250|12301010010||6077,7|D|0||PAGTO ELETRON COBRANCA OBRA GJ NF 183 - Obra Guarujį||
|I250|11102010002||6077,7|C|0||PAGTO ELETRON COBRANCA OBRA GJ NF 183 - Obra Guarujį||
|I200|309|18032024|5705,83|N||
|I250|11104030002||5705,83|D|0||APLIC.INVEST FACIL - Aplic/Resgate||
|I250|11102010002||5705,83|C|0||APLIC.INVEST FACIL - Aplic/Resgate||
|I200|310|18032024|294|N||
|I250|31101020003||294|D|0||TRANSFERENCIA PIX DES: HELENILTO AURELIANO P 18/03 - Manutenēćo Cotia||
|I250|11102010002||294|C|0||TRANSFERENCIA PIX DES: HELENILTO AURELIANO P 18/03 - Manutenēćo Cotia||
|I200|311|18032024|22745|N||
|I250|12301010010||22745|D|0||TRANSFERENCIA PIX DES: FERNANDO RAIMUNDO DO 18/03 - Obra Guarujį||
|I250|11102010002||22745|C|0||TRANSFERENCIA PIX DES: FERNANDO RAIMUNDO DO 18/03 - Obra Guarujį||
|I200|312|19032024|125,73|N||
|I250|11102010002||125,73|D|0||RESGATE INVEST FACIL - Aplic/Resgate||
|I250|11104030002||125,73|C|0||RESGATE INVEST FACIL - Aplic/Resgate||
|I200|313|19032024|44,5|N||
|I250|42103010013||44,5|D|0||CONTA DE LUZ INTERNET --ENEL DISTRIBUICAO/SP - Energia Elétrica||
|I250|11102010002||44,5|C|0||CONTA DE LUZ INTERNET --ENEL DISTRIBUICAO/SP - Energia Elétrica||
|I200|314|19032024|81,23|N||
|I250|42103010013||81,23|D|0||CONTA DE LUZ INTERNET --ENEL DISTRIBUICAO/SP - Energia Elétrica||
|I250|11102010002||81,23|C|0||CONTA DE LUZ INTERNET --ENEL DISTRIBUICAO/SP - Energia Elétrica||
|I200|315|20032024|2728,76|N||
|I250|11102010002||2728,76|D|0||RESGATE INVEST FACIL - Aplic/Resgate||
|I250|11104030002||2728,76|C|0||RESGATE INVEST FACIL - Aplic/Resgate||
|I200|316|20032024|481,26|N||
|I250|42103010021||481,26|D|0||PAGTO ELETRON COBRANCA AJS AGUA 32 E33 250324 - Įgua e Esgoto||
|I250|11102010002||481,26|C|0||PAGTO ELETRON COBRANCA AJS AGUA 32 E33 250324 - Įgua e Esgoto||
|I200|317|20032024|309|N||
|I250|42103010001||309|D|0||PAGTO ELETRON COBRANCA VIRTUAL OFFICE 250324 - Aluguel||
|I250|11102010002||309|C|0||PAGTO ELETRON COBRANCA VIRTUAL OFFICE 250324 - Aluguel||
|I200|318|20032024|1457,06|N||
|I250|31101020003||1457,06|D|0||TRANSFERENCIA PIX DES: Antonio Francisco Fur 20/03 - Manutenēćo Cotia||
|I250|11102010002||1457,06|C|0||TRANSFERENCIA PIX DES: Antonio Francisco Fur 20/03 - Manutenēćo Cotia||
|I200|319|20032024|481,44|N||
|I250|12301010010||481,44|D|0||TRANSFERENCIA PIX DES: HELIO NOVAES     20/03 - Obra Guarujį||
|I250|11102010002||481,44|C|0||TRANSFERENCIA PIX DES: HELIO NOVAES     20/03 - Obra Guarujį||
|I200|320|21032024|57000|N||
|I250|11102010002||57000|D|0||TED-TRANSF ELET DISPON REMET.NOVA RUBILIA INSTITU - Locaēćo Landmark||
|I250|31101010001||57000|C|0||TED-TRANSF ELET DISPON REMET.NOVA RUBILIA INSTITU - Locaēćo Landmark||
|I200|321|21032024|1306,56|N||
|I250|11102010002||1306,56|D|0||RESGATE INVEST FACIL - Aplic/Resgate||
|I250|11104030002||1306,56|C|0||RESGATE INVEST FACIL - Aplic/Resgate||
|I200|322|21032024|100,72|N||
|I250|42103010013||100,72|D|0||PAGTO ELETRON COBRANCA ELEKTRO 4973 - Energia Elétrica||
|I250|11102010002||100,72|C|0||PAGTO ELETRON COBRANCA ELEKTRO 4973 - Energia Elétrica||
|I200|323|21032024|123,13|N||
|I250|42103010013||123,13|D|0||PAGTO ELETRON COBRANCA ELEKTRO JRS 1223 - Energia Elétrica||
|I250|11102010002||123,13|C|0||PAGTO ELETRON COBRANCA ELEKTRO JRS 1223 - Energia Elétrica||
|I200|324|21032024|214,56|N||
|I250|42103010013||214,56|D|0||PAGTO ELETRON COBRANCA ELEKTRO JRS 0124 - Energia Elétrica||
|I250|11102010002||214,56|C|0||PAGTO ELETRON COBRANCA ELEKTRO JRS 0124 - Energia Elétrica||
|I200|325|21032024|465,72|N||
|I250|42103010013||465,72|D|0||PAGTO ELETRON COBRANCA ELEKTRO JRS 0224 - Energia Elétrica||
|I250|11102010002||465,72|C|0||PAGTO ELETRON COBRANCA ELEKTRO JRS 0224 - Energia Elétrica||
|I200|326|21032024|389,32|N||
|I250|42103010013||389,32|D|0||PAGTO ELETRON COBRANCA ELEKTRO JRS 0324 - Energia Elétrica||
|I250|11102010002||389,32|C|0||PAGTO ELETRON COBRANCA ELEKTRO JRS 0324 - Energia Elétrica||
|I200|327|21032024|4,11|N||
|I250|42301010005||4,11|D|0||TARIFA BANCARIA TRANSF PGTO PIX - Despesas Bancįrias||
|I250|11102010002||4,11|C|0||TARIFA BANCARIA TRANSF PGTO PIX - Despesas Bancįrias||
|I200|328|21032024|9|N||
|I250|42301010005||9|D|0||TARIFA BANCARIA TRANSF PGTO PIX - Despesas Bancįrias||
|I250|11102010002||9|C|0||TARIFA BANCARIA TRANSF PGTO PIX - Despesas Bancįrias||
|I200|329|21032024|57000|N||
|I250|11304010007||57000|D|0||APLICACAO CDB - Cauēćo Landmark||
|I250|11102010002||57000|C|0||APLICACAO CDB - Cauēćo Landmark||
|I200|330|22032024|20000|N||
|I250|11102010002||20000|D|0||TRANSF CC PARA CC PJ KIPSTONE SERVICOS E TECNOLOGIA L - Mśtuo KPL||
|I250|22101030018||20000|C|0||TRANSF CC PARA CC PJ KIPSTONE SERVICOS E TECNOLOGIA L - Mśtuo KPL||
|I200|331|22032024|6994,54|N||
|I250|11102010002||6994,54|D|0||RESGATE INVEST FACIL - Aplic/Resgate||
|I250|11104030002||6994,54|C|0||RESGATE INVEST FACIL - Aplic/Resgate||
|I200|332|22032024|10290|N||
|I250|31101020002||10290|D|0||PAGTO ELETRON COBRANCA COND SASIP 250324 - Condominio||
|I250|11102010002||10290|C|0||PAGTO ELETRON COBRANCA COND SASIP 250324 - Condominio||
|I200|333|22032024|6,74|N||
|I250|42301010005||6,74|D|0||TARIFA BANCARIA TRANSF PGTO PIX - Despesas Bancįrias||
|I250|11102010002||6,74|C|0||TARIFA BANCARIA TRANSF PGTO PIX - Despesas Bancįrias||
|I200|334|22032024|9|N||
|I250|42301010005||9|D|0||TARIFA BANCARIA TRANSF PGTO PIX - Despesas Bancįrias||
|I250|11102010002||9|C|0||TARIFA BANCARIA TRANSF PGTO PIX - Despesas Bancįrias||
|I200|335|22032024|500|N||
|I250|31101020003||500|D|0||TRANSFERENCIA PIX DES: CARLOS ROBERTO DE OLI 22/03 - Manutenēćo e Conservaēćo||
|I250|11102010002||500|C|0||TRANSFERENCIA PIX DES: CARLOS ROBERTO DE OLI 22/03 - Manutenēćo e Conservaēćo||
|I200|336|22032024|12000|N||
|I250|12301010010||12000|D|0||TRANSFERENCIA PIX DES: HELIO NOVAES     22/03 - Obra Guarujį||
|I250|11102010002||12000|C|0||TRANSFERENCIA PIX DES: HELIO NOVAES     22/03 - Obra Guarujį||
|I200|337|22032024|4188,8|N||
|I250|12301010010||4188,8|D|0||TRANSFERENCIA PIX DES: ABRAMAFER ABRASIVOS E 22/03 - Obra Guarujį||
|I250|11102010002||4188,8|C|0||TRANSFERENCIA PIX DES: ABRAMAFER ABRASIVOS E 22/03 - Obra Guarujį||
|I200|338|25032024|1255|N||
|I250|11102010002||1255|D|0||RESGATE INVEST FACIL - Aplic/Resgate||
|I250|11104030002||1255|C|0||RESGATE INVEST FACIL - Aplic/Resgate||
|I200|339|25032024|300|N||
|I250|12301010010||300|D|0||TRANSFERENCIA PIX DES: HELIO NOVAES     25/03 - Obra Guarujį||
|I250|11102010002||300|C|0||TRANSFERENCIA PIX DES: HELIO NOVAES     25/03 - Obra Guarujį||
|I200|340|25032024|955|N||
|I250|42103010038||955|D|0||TRANSFERENCIA PIX DES: Patricia Lima da Silv 25/03 - DSB8000 Bateria||
|I250|11102010002||955|C|0||TRANSFERENCIA PIX DES: Patricia Lima da Silv 25/03 - DSB8000 Bateria||
|I200|341|26032024|11977,6|N||
|I250|11102010002||11977,6|D|0||TED-TRANSF ELET DISPON REMET.CONDOMINIO EDIFICIO - Condominio||
|I250|31101020002||11977,6|C|0||TED-TRANSF ELET DISPON REMET.CONDOMINIO EDIFICIO - Condominio||
|I200|342|26032024|420,27|N||
|I250|31101020003||420,27|D|0||PAGTO ELETRON COBRANCA MANUTENCAO COTIA - Manutenēćo Cotia||
|I250|11102010002||420,27|C|0||PAGTO ELETRON COBRANCA MANUTENCAO COTIA - Manutenēćo Cotia||
|I200|343|26032024|7|N||
|I250|42301010005||7|D|0||TARIFA BANCARIA TRANSF PGTO PIX - Despesas Bancįrias||
|I250|11102010002||7|C|0||TARIFA BANCARIA TRANSF PGTO PIX - Despesas Bancįrias||
|I200|344|26032024|9|N||
|I250|42301010005||9|D|0||TARIFA BANCARIA TRANSF PGTO PIX - Despesas Bancįrias||
|I250|11102010002||9|C|0||TARIFA BANCARIA TRANSF PGTO PIX - Despesas Bancįrias||
|I200|345|26032024|9|N||
|I250|42301010005||9|D|0||TARIFA BANCARIA TRANSF PGTO PIX - Despesas Bancįrias||
|I250|11102010002||9|C|0||TARIFA BANCARIA TRANSF PGTO PIX - Despesas Bancįrias||
|I200|346|26032024|10130,53|N||
|I250|11104030002||10130,53|D|0||APLIC.INVEST FACIL - Aplic/Resgate||
|I250|11102010002||10130,53|C|0||APLIC.INVEST FACIL - Aplic/Resgate||
|I200|347|26032024|1401,8|N||
|I250|31101020003||1401,8|D|0||TRANSFERENCIA PIX DES: Antonio Francisco Fur 26/03 - Manutenēćo Cotia||
|I250|11102010002||1401,8|C|0||TRANSFERENCIA PIX DES: Antonio Francisco Fur 26/03 - Manutenēćo Cotia||
|I200|348|26032024|7740,38|N||
|I250|31101020003||7740,38|D|0||DEB. CAMBIOSST....559911-Despesa Manutenēćo Las Piedras||
|I250|11101010001||7740,38|C|0||DEB. CAMBIOSST....559911-Despesa Manutenēćo Las Piedras||
|I200|349|26032024|123,85|N||
|I250|31101020003||123,85|D|0||DEB. CAMBIOSST....559911-Despesa Manutenēćo Las Piedras||
|I250|11101010001||123,85|C|0||DEB. CAMBIOSST....559911-Despesa Manutenēćo Las Piedras||
|I200|350|26032024|1083,65|N||
|I250|31101020003||1083,65|D|0||TRASPASO A 2209481ILINK-Despesa Manutenēćo Las Piedras||
|I250|11101010001||1083,65|C|0||TRASPASO A 2209481ILINK-Despesa Manutenēćo Las Piedras||
|I200|351|27032024|123,85|N||
|I250|31101020003||123,85|D|0||GASTOS MAN.RELACION-Despesa Manutenēćo Las Piedras||
|I250|11101010001||123,85|C|0||GASTOS MAN.RELACION-Despesa Manutenēćo Las Piedras||
|I200|352|28032024|110000|N||
|I250|11102010002||110000|D|0||TRANSF CC PARA CC PJ KIPSTONE SERVICOS E TECNOLOGIA L - Mśtuo KPL||
|I250|22101030018||110000|C|0||TRANSF CC PARA CC PJ KIPSTONE SERVICOS E TECNOLOGIA L - Mśtuo KPL||
|I200|353|28032024|21948,3|N||
|I250|42101010006||21948,3|D|0||PAGTO ELETRON COBRANCA CONV CLAUDIA 280324 - Assistźncia Médica||
|I250|11102010002||21948,3|C|0||PAGTO ELETRON COBRANCA CONV CLAUDIA 280324 - Assistźncia Médica||
|I200|354|28032024|4,2|N||
|I250|42301010005||4,2|D|0||TARIFA BANCARIA TRANSF PGTO PIX - Despesas Bancįrias||
|I250|11102010002||4,2|C|0||TARIFA BANCARIA TRANSF PGTO PIX - Despesas Bancįrias||
|I200|355|28032024|9|N||
|I250|42301010005||9|D|0||TARIFA BANCARIA TRANSF PGTO PIX - Despesas Bancįrias||
|I250|11102010002||9|C|0||TARIFA BANCARIA TRANSF PGTO PIX - Despesas Bancįrias||
|I200|356|28032024|9|N||
|I250|42301010005||9|D|0||TARIFA BANCARIA TRANSF PGTO PIX - Despesas Bancįrias||
|I250|11102010002||9|C|0||TARIFA BANCARIA TRANSF PGTO PIX - Despesas Bancįrias||
|I200|357|28032024|88029,5|N||
|I250|11104030002||88029,5|D|0||APLIC.INVEST FACIL - Aplic/Resgate||
|I250|11102010002||88029,5|C|0||APLIC.INVEST FACIL - Aplic/Resgate||
|I200|358|01042024|5706,21|N||
|I250|11102010002||5706,21|D|0||RESGATE INVEST FACIL - Aplic/Resgate||
|I250|11104030002||5706,21|C|0||RESGATE INVEST FACIL - Aplic/Resgate||
|I200|359|01042024|6774,27|N||
|I250|11102010002||6774,27|D|0||RESGATE INVEST FACIL - Aplic/Resgate||
|I250|11104030002||6774,27|C|0||RESGATE INVEST FACIL - Aplic/Resgate||
|I200|360|01042024|10130,64|N||
|I250|11102010002||10130,64|D|0||RESGATE INVEST FACIL - Aplic/Resgate||
|I250|11104030002||10130,64|C|0||RESGATE INVEST FACIL - Aplic/Resgate||
|I200|361|01042024|8001,54|N||
|I250|11102010002||8001,54|D|0||RESGATE INVEST FACIL - Aplic/Resgate||
|I250|11104030002||8001,54|C|0||RESGATE INVEST FACIL - Aplic/Resgate||
|I200|362|01042024|4793,72|N||
|I250|11102010002||4793,72|D|0||RESGATE INVEST FACIL - Aplic/Resgate||
|I250|11104030002||4793,72|C|0||RESGATE INVEST FACIL - Aplic/Resgate||
|I200|363|01042024|940,25|N||
|I250|11102010002||940,25|D|0||RESGATE INVEST FACIL - Aplic/Resgate||
|I250|11104030002||940,25|C|0||RESGATE INVEST FACIL - Aplic/Resgate||
|I200|364|01042024|511,07|N||
|I250|11102010002||511,07|D|0||RESGATE INVEST FACIL - Aplic/Resgate||
|I250|11104030002||511,07|C|0||RESGATE INVEST FACIL - Aplic/Resgate||
|I200|365|01042024|104,92|N||
|I250|42103010013||104,92|D|0||PAGTO ELETRON COBRANCA ELEKTRO 4973 - Energia Elétrica||
|I250|11102010002||104,92|C|0||PAGTO ELETRON COBRANCA ELEKTRO 4973 - Energia Elétrica||
|I200|366|01042024|113,44|N||
|I250|42103010013||113,44|D|0||PAGTO ELETRON COBRANCA ELEKTRO 8634 - Energia Elétrica||
|I250|11102010002||113,44|C|0||PAGTO ELETRON COBRANCA ELEKTRO 8634 - Energia Elétrica||
|I200|367|01042024|11423,32|N||
|I250|42101010006||11423,32|D|0||PAGTO ELETRON COBRANCA CONV NEI 010424 - Assistźncia Médica||
|I250|11102010002||11423,32|C|0||PAGTO ELETRON COBRANCA CONV NEI 010424 - Assistźncia Médica||
|I200|368|01042024|96,82|N||
|I250|42103010013||96,82|D|0||PAGTO ELETRON COBRANCA ELEKTRO 2504 - Energia Elétrica||
|I250|11102010002||96,82|C|0||PAGTO ELETRON COBRANCA ELEKTRO 2504 - Energia Elétrica||
|I200|369|01042024|918,75|N||
|I250|31101020002||918,75|D|0||PAGTO ELETRON COBRANCA COND CAMPOS - Condominio||
|I250|11102010002||918,75|C|0||PAGTO ELETRON COBRANCA COND CAMPOS - Condominio||
|I200|370|01042024|160,89|N||
|I250|42103010033||160,89|D|0||PAGTO ELETRON COBRANCA ALARME CAMPOS 050424 - Seguranēa||
|I250|11102010002||160,89|C|0||PAGTO ELETRON COBRANCA ALARME CAMPOS 050424 - Seguranēa||
|I200|371|01042024|1621,82|N||
|I250|31101020002||1621,82|D|0||PAGTO ELETRON COBRANCA MARE 92 010424 - Condominio||
|I250|11102010002||1621,82|C|0||PAGTO ELETRON COBRANCA MARE 92 010424 - Condominio||
|I200|372|01042024|1621,82|N||
|I250|31101020002||1621,82|D|0||PAGTO ELETRON COBRANCA MARE 62 010424 - Condominio||
|I250|11102010002||1621,82|C|0||PAGTO ELETRON COBRANCA MARE 62 010424 - Condominio||
|I200|373|01042024|1621,82|N||
|I250|31101020002||1621,82|D|0||PAGTO ELETRON COBRANCA MARE 88 010424 - Condominio||
|I250|11102010002||1621,82|C|0||PAGTO ELETRON COBRANCA MARE 88 010424 - Condominio||
|I200|374|01042024|3779,3|N||
|I250|31101020002||3779,3|D|0||PAGTO ELETRON COBRANCA COND PALAIS ROYAL 050424 - Condominio||
|I250|11102010002||3779,3|C|0||PAGTO ELETRON COBRANCA COND PALAIS ROYAL 050424 - Condominio||
|I200|375|01042024|279,51|N||
|I250|42103010013||279,51|D|0||PAGTO ELETRON COBRANCA ELEKTRO 3605 080424 - Energia Elétrica||
|I250|11102010002||279,51|C|0||PAGTO ELETRON COBRANCA ELEKTRO 3605 080424 - Energia Elétrica||
|I200|376|01042024|2213,29|N||
|I250|42101020001||2213,29|D|0||PAGTO ELETRONICO TRIBUTO INTERNET --DOC.ARREC.DO ESOC - Esocial||
|I250|11102010002||2213,29|C|0||PAGTO ELETRONICO TRIBUTO INTERNET --DOC.ARREC.DO ESOC - Esocial||
|I200|377|01042024|2500|N||
|I250|42103010040||2500|D|0||TRANSF CC PARA CC PJ AZITA MARIA DA SILVERIO - Ajuda de Custo||
|I250|11102010002||2500|C|0||TRANSF CC PARA CC PJ AZITA MARIA DA SILVERIO - Ajuda de Custo||
|I200|378|01042024|3494|N||
|I250|31101020003||3494|D|0||TRANSFERENCIA PIX DES: MARIA CRISTINA RAYMUN 01/04 - Manutenēćo e Conservaēćo||
|I250|11102010002||3494|C|0||TRANSFERENCIA PIX DES: MARIA CRISTINA RAYMUN 01/04 - Manutenēćo e Conservaēćo||
|I200|379|01042024|1500|N||
|I250|31101020003||1500|D|0||TRANSFERENCIA PIX DES: LUIZ CARLOS DA SILVA 01/04 - Manutenēćo e Conservaēćo||
|I250|11102010002||1500|C|0||TRANSFERENCIA PIX DES: LUIZ CARLOS DA SILVA 01/04 - Manutenēćo e Conservaēćo||
|I200|380|01042024|1480|N||
|I250|31101020003||1480|D|0||TRANSFERENCIA PIX DES: CARLOS ROBERTO DE OLI 01/04 - Manutenēćo e Conservaēćo||
|I250|11102010002||1480|C|0||TRANSFERENCIA PIX DES: CARLOS ROBERTO DE OLI 01/04 - Manutenēćo e Conservaēćo||
|I200|381|01042024|1928|N||
|I250|31101020003||1928|D|0||TRANSFERENCIA PIX DES: Eva Koch Santos    01/04 - Manutenēćo e Conservaēćo||
|I250|11102010002||1928|C|0||TRANSFERENCIA PIX DES: Eva Koch Santos    01/04 - Manutenēćo e Conservaēćo||
|I200|382|01042024|2000|N||
|I250|42103010040||2000|D|0||TRANSFERENCIA PIX DES: CLAUDIA GOMES     01/04 - Ajuda de Custo||
|I250|11102010002||2000|C|0||TRANSFERENCIA PIX DES: CLAUDIA GOMES     01/04 - Ajuda de Custo||
|I200|383|02042024|300|N||
|I250|11102010002||300|D|0||RESGATE INVEST FACIL - Aplic/Resgate||
|I250|11104030002||300|C|0||RESGATE INVEST FACIL - Aplic/Resgate||
|I200|384|02042024|300|N||
|I250|31101020003||300|D|0||TRANSFERENCIA PIX DES: Antonio Francisco Fur 02/04 - Manutenēćo Cotia||
|I250|11102010002||300|C|0||TRANSFERENCIA PIX DES: Antonio Francisco Fur 02/04 - Manutenēćo Cotia||
|I200|385|03042024|963,4|N||
|I250|11102010002||963,4|D|0||RESGATE INVEST FACIL - Aplic/Resgate||
|I250|11104030002||963,4|C|0||RESGATE INVEST FACIL - Aplic/Resgate||
|I200|386|03042024|963,4|N||
|I250|31101020003||963,4|D|0||TRANSFERENCIA PIX DES: Antonio Francisco Fur 03/04 - Manutenēćo Cotia||
|I250|11102010002||963,4|C|0||TRANSFERENCIA PIX DES: Antonio Francisco Fur 03/04 - Manutenēćo Cotia||
|I200|387|04042024|7545,88|N||
|I250|11102010002||7545,88|D|0||RESGATE INVEST FACIL - Aplic/Resgate||
|I250|11104030002||7545,88|C|0||RESGATE INVEST FACIL - Aplic/Resgate||
|I200|388|04042024|9|N||
|I250|42301010005||9|D|0||TARIFA BANCARIA TRANSF PGTO PIX - Despesas Bancįrias||
|I250|11102010002||9|C|0||TARIFA BANCARIA TRANSF PGTO PIX - Despesas Bancįrias||
|I200|389|04042024|9|N||
|I250|42301010005||9|D|0||TARIFA BANCARIA TRANSF PGTO PIX - Despesas Bancįrias||
|I250|11102010002||9|C|0||TARIFA BANCARIA TRANSF PGTO PIX - Despesas Bancįrias||
|I200|390|04042024|9|N||
|I250|42301010005||9|D|0||TARIFA BANCARIA TRANSF PGTO PIX - Despesas Bancįrias||
|I250|11102010002||9|C|0||TARIFA BANCARIA TRANSF PGTO PIX - Despesas Bancįrias||
|I200|391|04042024|9|N||
|I250|42301010005||9|D|0||TARIFA BANCARIA TRANSF PGTO PIX - Despesas Bancįrias||
|I250|11102010002||9|C|0||TARIFA BANCARIA TRANSF PGTO PIX - Despesas Bancįrias||
|I200|392|04042024|9|N||
|I250|42301010005||9|D|0||TARIFA BANCARIA TRANSF PGTO PIX - Despesas Bancįrias||
|I250|11102010002||9|C|0||TARIFA BANCARIA TRANSF PGTO PIX - Despesas Bancįrias||
|I200|393|04042024|4,2|N||
|I250|42301010005||4,2|D|0||TARIFA BANCARIA TRANSF PGTO PIX - Despesas Bancįrias||
|I250|11102010002||4,2|C|0||TARIFA BANCARIA TRANSF PGTO PIX - Despesas Bancįrias||
|I200|394|04042024|7402,77|N||
|I250|12301010010||7402,77|D|0||TRANSFERENCIA PIX DES: AMAMIX ACABAMENTOS  04/04 - Obra Guarujį||
|I250|11102010002||7402,77|C|0||TRANSFERENCIA PIX DES: AMAMIX ACABAMENTOS  04/04 - Obra Guarujį||
|I200|395|04042024|93,91|N||
|I250|42103010021||93,91|D|0||CONTA DE AGUA E ESGOTO INTERNET --SABESP/SP - Įgua e Esgoto||
|I250|11102010002||93,91|C|0||CONTA DE AGUA E ESGOTO INTERNET --SABESP/SP - Įgua e Esgoto||
|I200|396|05042024|10|N||
|I250|11102010002||10|D|0||RESGATE INVEST FACIL - Aplic/Resgate||
|I250|11104030002||10|C|0||RESGATE INVEST FACIL - Aplic/Resgate||
|I200|397|05042024|9|N||
|I250|42301010005||9|D|0||TARIFA BANCARIA TRANSF PGTO PIX - Despesas Bancįrias||
|I250|11102010002||9|C|0||TARIFA BANCARIA TRANSF PGTO PIX - Despesas Bancįrias||
|I200|398|08042024|8000|N||
|I250|11102010002||8000|D|0||TED-TRANSF ELET DISPON REMET.PAULO J M SILVEIRA - Locaēćo Bertioga||
|I250|31101010001||8000|C|0||TED-TRANSF ELET DISPON REMET.PAULO J M SILVEIRA - Locaēćo Bertioga||
|I200|399|08042024|2507,32|N||
|I250|31101020002||2507,32|D|0||PAGTO ELETRON COBRANCA COND 32 100424 - Condominio||
|I250|11102010002||2507,32|C|0||PAGTO ELETRON COBRANCA COND 32 100424 - Condominio||
|I200|400|08042024|2507,32|N||
|I250|31101020002||2507,32|D|0||PAGTO ELETRON COBRANCA COND 33 100424 - Condominio||
|I250|11102010002||2507,32|C|0||PAGTO ELETRON COBRANCA COND 33 100424 - Condominio||
|I200|401|08042024|157,01|N||
|I250|42103010013||157,01|D|0||PAGTO ELETRON COBRANCA ELEKTRO 8561 JRS 040424 - Energia Elétrica||
|I250|11102010002||157,01|C|0||PAGTO ELETRON COBRANCA ELEKTRO 8561 JRS 040424 - Energia Elétrica||
|I200|402|08042024|9|N||
|I250|42301010005||9|D|0||TARIFA BANCARIA TRANSF PGTO PIX - Despesas Bancįrias||
|I250|11102010002||9|C|0||TARIFA BANCARIA TRANSF PGTO PIX - Despesas Bancįrias||
|I200|403|08042024|2820,35|N||
|I250|11104030002||2820,35|D|0||APLIC.INVEST FACIL - Aplic/Resgate||
|I250|11102010002||2820,35|C|0||APLIC.INVEST FACIL - Aplic/Resgate||
|I200|404|09042024|947,46|N||
|I250|11102010002||947,46|D|0||RESGATE INVEST FACIL - Aplic/Resgate||
|I250|11104030002||947,46|C|0||RESGATE INVEST FACIL - Aplic/Resgate||
|I200|405|09042024|662,46|N||
|I250|42103010020||662,46|D|0||PAGTO ELETRONICO TRIBUTO INTERNET --PMSP SP - ISS||
|I250|11102010002||662,46|C|0||PAGTO ELETRONICO TRIBUTO INTERNET --PMSP SP - ISS||
|I200|406|09042024|285|N||
|I250|31101020003||285|D|0||TRANSFERENCIA PIX DES: HELENILTO AURELIANO P 09/04 - Manutenēćo Cotia||
|I250|11102010002||285|C|0||TRANSFERENCIA PIX DES: HELENILTO AURELIANO P 09/04 - Manutenēćo Cotia||
|I200|407|10042024|40000|N||
|I250|11102010002||40000|D|0||TRANSF CC PARA CC PJ KIPSTONE SERVICOS E TECNOLOGIA L - Mśtuo KPL||
|I250|22101030018||40000|C|0||TRANSF CC PARA CC PJ KIPSTONE SERVICOS E TECNOLOGIA L - Mśtuo KPL||
|I200|408|10042024|5724,73|N||
|I250|11102010002||5724,73|D|0||TRANSFERENCIA PIX REM: CLASSIC GESTAO ADMINI 10/04 - Locaēćo Ctba||
|I250|31101010001||5724,73|C|0||TRANSFERENCIA PIX REM: CLASSIC GESTAO ADMINI 10/04 - Locaēćo Ctba||
|I200|409|10042024|873,78|N||
|I250|31101020002||873,78|D|0||PAGTO ELETRON COBRANCA COND FLORIPA 100424 - Condominio||
|I250|11102010002||873,78|C|0||PAGTO ELETRON COBRANCA COND FLORIPA 100424 - Condominio||
|I200|410|10042024|19208,65|N||
|I250|12301010010||19208,65|D|0||PAGTO ELETRON COBRANCA OBRA GJ NF 191 - Obra Guarujį||
|I250|11102010002||19208,65|C|0||PAGTO ELETRON COBRANCA OBRA GJ NF 191 - Obra Guarujį||
|I200|411|10042024|46|N||
|I250|42301010005||46|D|0||CARTAO CREDITO ANUIDADE - Despesas Bancįrias||
|I250|11102010002||46|C|0||CARTAO CREDITO ANUIDADE - Despesas Bancįrias||
|I200|412|10042024|23646,3|N||
|I250|11104030002||23646,3|D|0||APLIC.INVEST FACIL - Aplic/Resgate||
|I250|11102010002||23646,3|C|0||APLIC.INVEST FACIL - Aplic/Resgate||
|I200|413|10042024|950|N||
|I250|31101020003||950|D|0||TRANSFERENCIA PIX DES: Antonio Francisco Fur 10/04 - Manutenēćo Cotia||
|I250|11102010002||950|C|0||TRANSFERENCIA PIX DES: Antonio Francisco Fur 10/04 - Manutenēćo Cotia||
|I200|414|10042024|1000|N||
|I250|31101020003||1000|D|0||TRANSFERENCIA PIX DES: CARLOS ROBERTO DE OLI 10/04 - Manutenēćo e Conservaēćo||
|I250|11102010002||1000|C|0||TRANSFERENCIA PIX DES: CARLOS ROBERTO DE OLI 10/04 - Manutenēćo e Conservaēćo||
|I200|415|11042024|19044,18|N||
|I250|11102010002||19044,18|D|0||RESGATE INVEST FACIL - Aplic/Resgate||
|I250|11104030002||19044,18|C|0||RESGATE INVEST FACIL - Aplic/Resgate||
|I200|416|11042024|19040,19|N||
|I250|12301010010||19040,19|D|0||PAGTO ELETRON COBRANCA OBRA GJ NF 347 - Obra Guarujį||
|I250|11102010002||19040,19|C|0||PAGTO ELETRON COBRANCA OBRA GJ NF 347 - Obra Guarujį||
|I200|417|11042024|3,99|N||
|I250|42301010005||3,99|D|0||TARIFA BANCARIA TRANSF PGTO PIX - Despesas Bancįrias||
|I250|11102010002||3,99|C|0||TARIFA BANCARIA TRANSF PGTO PIX - Despesas Bancįrias||
|I200|418|12042024|668,77|N||
|I250|11102010002||668,77|D|0||RESGATE INVEST FACIL - Aplic/Resgate||
|I250|11104030002||668,77|C|0||RESGATE INVEST FACIL - Aplic/Resgate||
|I200|419|12042024|9|N||
|I250|42301010005||9|D|0||TARIFA BANCARIA TRANSF PGTO PIX - Despesas Bancįrias||
|I250|11102010002||9|C|0||TARIFA BANCARIA TRANSF PGTO PIX - Despesas Bancįrias||
|I200|420|12042024|9|N||
|I250|42301010005||9|D|0||TARIFA BANCARIA TRANSF PGTO PIX - Despesas Bancįrias||
|I250|11102010002||9|C|0||TARIFA BANCARIA TRANSF PGTO PIX - Despesas Bancįrias||
|I200|421|12042024|216,92|N||
|I250|42103010035||216,92|D|0||CONTA DE TELEFONE INTERNET --TELEFONICA BRASIL S/ - Telefonia e Dados||
|I250|11102010002||216,92|C|0||CONTA DE TELEFONE INTERNET --TELEFONICA BRASIL S/ - Telefonia e Dados||
|I200|422|12042024|44,47|N||
|I250|42103010013||44,47|D|0||CONTA DE LUZ INTERNET --ENEL DISTRIBUICAO - Energia Elétrica||
|I250|11102010002||44,47|C|0||CONTA DE LUZ INTERNET --ENEL DISTRIBUICAO - Energia Elétrica||
|I200|423|12042024|274,55|N||
|I250|42103010013||274,55|D|0||CONTA DE LUZ INTERNET --ENEL DISTRIBUICAO - Energia Elétrica||
|I250|11102010002||274,55|C|0||CONTA DE LUZ INTERNET --ENEL DISTRIBUICAO - Energia Elétrica||
|I200|424|12042024|114,83|N||
|I250|42103010013||114,83|D|0||CONTA DE LUZ INTERNET --ENEL DISTRIBUICAO - Energia Elétrica||
|I250|11102010002||114,83|C|0||CONTA DE LUZ INTERNET --ENEL DISTRIBUICAO - Energia Elétrica||
|I200|425|15042024|1163,17|N||
|I250|11102010002||1163,17|D|0||RESGATE INVEST FACIL - Aplic/Resgate||
|I250|11104030002||1163,17|C|0||RESGATE INVEST FACIL - Aplic/Resgate||
|I200|426|15042024|1021,27|N||
|I250|31101020003||1021,27|D|0||PAGTO ELETRON COBRANCA CONV EVA 200424 - Manutenēćo e Conservaēćo||
|I250|11102010002||1021,27|C|0||PAGTO ELETRON COBRANCA CONV EVA 200424 - Manutenēćo e Conservaēćo||
|I200|427|15042024|141,9|N||
|I250|42301010005||141,9|D|0||TARIFA BANCARIA Max Empresarial 1 - Despesas Bancįrias||
|I250|11102010002||141,9|C|0||TARIFA BANCARIA Max Empresarial 1 - Despesas Bancįrias||
|I200|428|15042024|123,85|N||
|I250|31101020003||123,85|D|0||DEBITO BANKING CARD-Despesa Manutenēćo Las Piedras||
|I250|11101010001||123,85|C|0||DEBITO BANKING CARD-Despesa Manutenēćo Las Piedras||
|I200|429|16042024|8976,94|N||
|I250|11102010002||8976,94|D|0||RESGATE INVEST FACIL - Aplic/Resgate||
|I250|11104030002||8976,94|C|0||RESGATE INVEST FACIL - Aplic/Resgate||
|I200|430|16042024|1195,79|N||
|I250|42101020001||1195,79|D|0||PAGTO ELETRONICO TRIBUTO INTERNET --RECEITA FEDERAL/SP - Esocial||
|I250|11102010002||1195,79|C|0||PAGTO ELETRONICO TRIBUTO INTERNET --RECEITA FEDERAL/SP - Esocial||
|I200|431|16042024|250|N||
|I250|42301010005||250|D|0||PAGTO ELETRONICO TRIBUTO INTERNET --DARF - DCTF||
|I250|11102010002||250|C|0||PAGTO ELETRONICO TRIBUTO INTERNET --DARF - DCTF||
|I200|432|16042024|1337,79|N||
|I250|42101020001||1337,79|D|0||PAGTO ELETRONICO TRIBUTO INTERNET --RECEITA FEDERAL/SP - Esocial||
|I250|11102010002||1337,79|C|0||PAGTO ELETRONICO TRIBUTO INTERNET --RECEITA FEDERAL/SP - Esocial||
|I200|433|16042024|999,74|N||
|I250|42101020001||999,74|D|0||PAGTO ELETRONICO TRIBUTO INTERNET --RECEITA FEDERAL/SP - Esocial||
|I250|11102010002||999,74|C|0||PAGTO ELETRONICO TRIBUTO INTERNET --RECEITA FEDERAL/SP - Esocial||
|I200|434|16042024|1363,32|N||
|I250|42101020001||1363,32|D|0||PAGTO ELETRONICO TRIBUTO INTERNET --RECEITA FEDERAL/SP - Esocial||
|I250|11102010002||1363,32|C|0||PAGTO ELETRONICO TRIBUTO INTERNET --RECEITA FEDERAL/SP - Esocial||
|I200|435|16042024|1113,27|N||
|I250|42101020001||1113,27|D|0||PAGTO ELETRONICO TRIBUTO INTERNET --RECEITA FEDERAL/SP - Esocial||
|I250|11102010002||1113,27|C|0||PAGTO ELETRONICO TRIBUTO INTERNET --RECEITA FEDERAL/SP - Esocial||
|I200|436|16042024|1353,02|N||
|I250|42101020001||1353,02|D|0||PAGTO ELETRONICO TRIBUTO INTERNET --RECEITA FEDERAL/SP - Esocial||
|I250|11102010002||1353,02|C|0||PAGTO ELETRONICO TRIBUTO INTERNET --RECEITA FEDERAL/SP - Esocial||
|I200|437|16042024|1364,01|N||
|I250|42101020001||1364,01|D|0||PAGTO ELETRONICO TRIBUTO INTERNET --RECEITA FEDERAL/SP - Esocial||
|I250|11102010002||1364,01|C|0||PAGTO ELETRONICO TRIBUTO INTERNET --RECEITA FEDERAL/SP - Esocial||
|I200|438|18042024|1986,86|N||
|I250|11102010002||1986,86|D|0||RESGATE INVEST FACIL - Aplic/Resgate||
|I250|11104030002||1986,86|C|0||RESGATE INVEST FACIL - Aplic/Resgate||
|I200|439|18042024|1455,77|N||
|I250|31101020003||1455,77|D|0||PAGTO ELETRON COBRANCA CONV CARLOS 200424 - Manutenēćo e Conservaēćo||
|I250|11102010002||1455,77|C|0||PAGTO ELETRON COBRANCA CONV CARLOS 200424 - Manutenēćo e Conservaēćo||
|I200|440|18042024|531,09|N||
|I250|42103010021||531,09|D|0||PAGTO ELETRON COBRANCA AJS AGUA 32 E33 250424 - Įgua e Esgoto||
|I250|11102010002||531,09|C|0||PAGTO ELETRON COBRANCA AJS AGUA 32 E33 250424 - Įgua e Esgoto||
|I200|441|19042024|23340|N||
|I250|11102010002||23340|D|0||RESGATE INVEST FACIL - Aplic/Resgate||
|I250|11104030002||23340|C|0||RESGATE INVEST FACIL - Aplic/Resgate||
|I200|442|19042024|10710|N||
|I250|31101020002||10710|D|0||PAGTO ELETRON COBRANCA COND SASIP 250424 - Condominio||
|I250|11102010002||10710|C|0||PAGTO ELETRON COBRANCA COND SASIP 250424 - Condominio||
|I200|443|19042024|900|N||
|I250|12301010010||900|D|0||TRANSFERENCIA PIX DES: ADELIANO AZEVEDO SANT 19/04 - Obra Guarujį||
|I250|11102010002||900|C|0||TRANSFERENCIA PIX DES: ADELIANO AZEVEDO SANT 19/04 - Obra Guarujį||
|I200|444|19042024|4730|N||
|I250|12301010010||4730|D|0||TRANSFERENCIA PIX DES: ADELIANO AZEVEDO SANT 19/04 - Obra Guarujį||
|I250|11102010002||4730|C|0||TRANSFERENCIA PIX DES: ADELIANO AZEVEDO SANT 19/04 - Obra Guarujį||
|I200|445|19042024|7000|N||
|I250|12301010010||7000|D|0||TRANSFERENCIA PIX DES: HELIO NOVAES     19/04 - Obra Guarujį||
|I250|11102010002||7000|C|0||TRANSFERENCIA PIX DES: HELIO NOVAES     19/04 - Obra Guarujį||
|I200|446|22042024|1149,17|N||
|I250|11102010002||1149,17|D|0||RESGATE INVEST FACIL - Aplic/Resgate||
|I250|11104030002||1149,17|C|0||RESGATE INVEST FACIL - Aplic/Resgate||
|I200|447|22042024|321,14|N||
|I250|42103010001||321,14|D|0||PAGTO ELETRON COBRANCA VIRTUAL OFFICE 250424 - Aluguel||
|I250|11102010002||321,14|C|0||PAGTO ELETRON COBRANCA VIRTUAL OFFICE 250424 - Aluguel||
|I200|448|22042024|828,03|N||
|I250|31101020003||828,03|D|0||TRANSFERENCIA PIX DES: Antonio Francisco Fur 22/04 - Manutenēćo Cotia||
|I250|11102010002||828,03|C|0||TRANSFERENCIA PIX DES: Antonio Francisco Fur 22/04 - Manutenēćo Cotia||
|I200|449|23042024|36|N||
|I250|11102010002||36|D|0||RESGATE INVEST FACIL - Aplic/Resgate||
|I250|11104030002||36|C|0||RESGATE INVEST FACIL - Aplic/Resgate||
|I200|450|23042024|9|N||
|I250|42301010005||9|D|0||TARIFA BANCARIA TRANSF PGTO PIX - Despesas Bancįrias||
|I250|11102010002||9|C|0||TARIFA BANCARIA TRANSF PGTO PIX - Despesas Bancįrias||
|I200|451|23042024|9|N||
|I250|42301010005||9|D|0||TARIFA BANCARIA TRANSF PGTO PIX - Despesas Bancįrias||
|I250|11102010002||9|C|0||TARIFA BANCARIA TRANSF PGTO PIX - Despesas Bancįrias||
|I200|452|23042024|9|N||
|I250|42301010005||9|D|0||TARIFA BANCARIA TRANSF PGTO PIX - Despesas Bancįrias||
|I250|11102010002||9|C|0||TARIFA BANCARIA TRANSF PGTO PIX - Despesas Bancįrias||
|I200|453|23042024|9|N||
|I250|42301010005||9|D|0||TARIFA BANCARIA TRANSF PGTO PIX - Despesas Bancįrias||
|I250|11102010002||9|C|0||TARIFA BANCARIA TRANSF PGTO PIX - Despesas Bancįrias||
|I200|454|23042024|774,04|N||
|I250|31101020003||774,04|D|0||TRASPASO A 2209481ILINK-Despesa Manutenēćo Las Piedras||
|I250|11101010001||774,04|C|0||TRASPASO A 2209481ILINK-Despesa Manutenēćo Las Piedras||
|I200|455|25042024|110000|N||
|I250|11102010002||110000|D|0||TRANSF CC PARA CC PJ KIPSTONE SERVICOS E TECNOLOGIA L - Mśtuo KPL||
|I250|22101030018||110000|C|0||TRANSF CC PARA CC PJ KIPSTONE SERVICOS E TECNOLOGIA L - Mśtuo KPL||
|I200|456|25042024|8784,9|N||
|I250|12301010010||8784,9|D|0||PAGTO ELETRON COBRANCA OBRA GJ NF 223 - Obra Guarujį||
|I250|11102010002||8784,9|C|0||PAGTO ELETRON COBRANCA OBRA GJ NF 223 - Obra Guarujį||
|I200|457|25042024|9|N||
|I250|42301010005||9|D|0||TARIFA BANCARIA TRANSF PGTO PIX - Despesas Bancįrias||
|I250|11102010002||9|C|0||TARIFA BANCARIA TRANSF PGTO PIX - Despesas Bancįrias||
|I200|458|25042024|61206,1|N||
|I250|11104030002||61206,1|D|0||APLIC.INVEST FACIL - Aplic/Resgate||
|I250|11102010002||61206,1|C|0||APLIC.INVEST FACIL - Aplic/Resgate||
|I200|459|25042024|40000|N||
|I250|12301010010||40000|D|0||TRANSFERENCIA PIX DES: HELIO NOVAES     25/04 - Obra Guarujį||
|I250|11102010002||40000|C|0||TRANSFERENCIA PIX DES: HELIO NOVAES     25/04 - Obra Guarujį||
|I200|460|26042024|35696,56|N||
|I250|11102010002||35696,56|D|0||RESGATE INVEST FACIL - Aplic/Resgate||
|I250|11104030002||35696,56|C|0||RESGATE INVEST FACIL - Aplic/Resgate||
|I200|461|26042024|2820,73|N||
|I250|11102010002||2820,73|D|0||RESGATE INVEST FACIL - Aplic/Resgate||
|I250|11104030002||2820,73|C|0||RESGATE INVEST FACIL - Aplic/Resgate||
|I200|462|26042024|23648,69|N||
|I250|11102010002||23648,69|D|0||RESGATE INVEST FACIL - Aplic/Resgate||
|I250|11104030002||23648,69|C|0||RESGATE INVEST FACIL - Aplic/Resgate||
|I200|463|26042024|17116,38|N||
|I250|11102010002||17116,38|D|0||RESGATE INVEST FACIL - Aplic/Resgate||
|I250|11104030002||17116,38|C|0||RESGATE INVEST FACIL - Aplic/Resgate||
|I200|464|26042024|24362,71|N||
|I250|12301010010||24362,71|D|0||PAGTO ELETRON COBRANCA OBRA GJ NF 22 ESQUADRIAS - Obra Guarujį||
|I250|11102010002||24362,71|C|0||PAGTO ELETRON COBRANCA OBRA GJ NF 22 ESQUADRIAS - Obra Guarujį||
|I200|465|26042024|41236,7|N||
|I250|12301010010||41236,7|D|0||TRANSFERENCIA PIX DES: PORTAL KIT MADEIRAS E 26/04 - Obra Guarujį||
|I250|11102010002||41236,7|C|0||TRANSFERENCIA PIX DES: PORTAL KIT MADEIRAS E 26/04 - Obra Guarujį||
|I200|466|26042024|2367,23|N||
|I250|12301010010||2367,23|D|0||TRANSFERENCIA PIX DES: PORTAL KIT MADEIRAS E 26/04 - Obra Guarujį||
|I250|11102010002||2367,23|C|0||TRANSFERENCIA PIX DES: PORTAL KIT MADEIRAS E 26/04 - Obra Guarujį||
|I200|467|26042024|3632,77|N||
|I250|12301010010||3632,77|D|0||TRANSFERENCIA PIX DES: PORTAL KIT MADEIRAS E 26/04 - Obra Guarujį||
|I250|11102010002||3632,77|C|0||TRANSFERENCIA PIX DES: PORTAL KIT MADEIRAS E 26/04 - Obra Guarujį||
|I200|468|26042024|1569,65|N||
|I250|12301010010||1569,65|D|0||TRANSFERENCIA PIX DES: PIPO CHURRASQUEIRAS  26/04 - Obra Guarujį||
|I250|11102010002||1569,65|C|0||TRANSFERENCIA PIX DES: PIPO CHURRASQUEIRAS  26/04 - Obra Guarujį||
|I200|469|26042024|6113,3|N||
|I250|12301010010||6113,3|D|0||TRANSFERENCIA PIX DES: PORTAL KIT MADEIRAS E 26/04 - Obra Guarujį||
|I250|11102010002||6113,3|C|0||TRANSFERENCIA PIX DES: PORTAL KIT MADEIRAS E 26/04 - Obra Guarujį||
|I200|470|29042024|2709|N||
|I250|11102010002||2709|D|0||RESGATE INVEST FACIL - Aplic/Resgate||
|I250|11104030002||2709|C|0||RESGATE INVEST FACIL - Aplic/Resgate||
|I200|471|29042024|9|N||
|I250|42301010005||9|D|0||TARIFA BANCARIA TRANSF PGTO PIX - Despesas Bancįrias||
|I250|11102010002||9|C|0||TARIFA BANCARIA TRANSF PGTO PIX - Despesas Bancįrias||
|I200|472|29042024|2700|N||
|I250|12301010010||2700|D|0||TRANSFERENCIA PIX DES: Wenio Oliveira    29/04 - Obra Guarujį||
|I250|11102010002||2700|C|0||TRANSFERENCIA PIX DES: Wenio Oliveira    29/04 - Obra Guarujį||
|I200|473|30042024|130000|N||
|I250|11102010002||130000|D|0||TRANSF CC PARA CC PJ KIPSTONE SERVICOS E TECNOLOGIA L - Mśtuo KPL||
|I250|22101030018||130000|C|0||TRANSF CC PARA CC PJ KIPSTONE SERVICOS E TECNOLOGIA L - Mśtuo KPL||
|I200|474|30042024|21948,3|N||
|I250|42101010006||21948,3|D|0||PAGTO ELETRON COBRANCA CONV CLAUDIA 300424 - Assistźncia Médica||
|I250|11102010002||21948,3|C|0||PAGTO ELETRON COBRANCA CONV CLAUDIA 300424 - Assistźncia Médica||
|I200|475|30042024|9|N||
|I250|42301010005||9|D|0||TARIFA BANCARIA TRANSF PGTO PIX - Despesas Bancįrias||
|I250|11102010002||9|C|0||TARIFA BANCARIA TRANSF PGTO PIX - Despesas Bancįrias||
|I200|476|30042024|9|N||
|I250|42301010005||9|D|0||TARIFA BANCARIA TRANSF PGTO PIX - Despesas Bancįrias||
|I250|11102010002||9|C|0||TARIFA BANCARIA TRANSF PGTO PIX - Despesas Bancįrias||
|I200|477|30042024|9|N||
|I250|42301010005||9|D|0||TARIFA BANCARIA TRANSF PGTO PIX - Despesas Bancįrias||
|I250|11102010002||9|C|0||TARIFA BANCARIA TRANSF PGTO PIX - Despesas Bancįrias||
|I200|478|30042024|9|N||
|I250|42301010005||9|D|0||TARIFA BANCARIA TRANSF PGTO PIX - Despesas Bancįrias||
|I250|11102010002||9|C|0||TARIFA BANCARIA TRANSF PGTO PIX - Despesas Bancįrias||
|I200|479|30042024|9|N||
|I250|42301010005||9|D|0||TARIFA BANCARIA TRANSF PGTO PIX - Despesas Bancįrias||
|I250|11102010002||9|C|0||TARIFA BANCARIA TRANSF PGTO PIX - Despesas Bancįrias||
|I200|480|30042024|108006,7|N||
|I250|11104030002||108006,7|D|0||APLIC.INVEST FACIL - Aplic/Resgate||
|I250|11102010002||108006,7|C|0||APLIC.INVEST FACIL - Aplic/Resgate||
|I200|481|30042024|123,85|N||
|I250|31101020003||123,85|D|0||GASTOS MAN.RELACION-Despesa Manutenēćo Las Piedras||
|I250|11101010001||123,85|C|0||GASTOS MAN.RELACION-Despesa Manutenēćo Las Piedras||
|I200|482|02052024|22800,92|N||
|I250|11102010002||22800,92|D|0||RESGATE INVEST FACIL - Aplic/Resgate||
|I250|11104030002||22800,92|C|0||RESGATE INVEST FACIL - Aplic/Resgate||
|I200|483|02052024|20162,13|N||
|I250|11102010002||20162,13|D|0||RESGATE INVEST FACIL - Aplic/Resgate||
|I250|11104030002||20162,13|C|0||RESGATE INVEST FACIL - Aplic/Resgate||
|I200|484|02052024|1621,82|N||
|I250|31101020002||1621,82|D|0||PAGTO ELETRON COBRANCA MARE 88 010524 - Condominio||
|I250|11102010002||1621,82|C|0||PAGTO ELETRON COBRANCA MARE 88 010524 - Condominio||
|I200|485|02052024|1621,82|N||
|I250|31101020002||1621,82|D|0||PAGTO ELETRON COBRANCA MARE 62 010524 - Condominio||
|I250|11102010002||1621,82|C|0||PAGTO ELETRON COBRANCA MARE 62 010524 - Condominio||
|I200|486|02052024|1621,82|N||
|I250|31101020002||1621,82|D|0||PAGTO ELETRON COBRANCA MARE 92 010524 - Condominio||
|I250|11102010002||1621,82|C|0||PAGTO ELETRON COBRANCA MARE 92 010524 - Condominio||
|I200|487|02052024|11423,32|N||
|I250|42101010006||11423,32|D|0||PAGTO ELETRON COBRANCA CONV NEI 020524 - Assistźncia Médica||
|I250|11102010002||11423,32|C|0||PAGTO ELETRON COBRANCA CONV NEI 020524 - Assistźncia Médica||
|I200|488|02052024|123,94|N||
|I250|42103010013||123,94|D|0||PAGTO ELETRON COBRANCA ELEKTRO 4973 280524 - Energia Elétrica||
|I250|11102010002||123,94|C|0||PAGTO ELETRON COBRANCA ELEKTRO 4973 280524 - Energia Elétrica||
|I200|489|02052024|92,15|N||
|I250|42103010013||92,15|D|0||PAGTO ELETRON COBRANCA ELEKTRO 2504 020524 - Energia Elétrica||
|I250|11102010002||92,15|C|0||PAGTO ELETRON COBRANCA ELEKTRO 2504 020524 - Energia Elétrica||
|I200|490|02052024|475,37|N||
|I250|42103010013||475,37|D|0||PAGTO ELETRON COBRANCA ELEKTRO 3605 020524 - Energia Elétrica||
|I250|11102010002||475,37|C|0||PAGTO ELETRON COBRANCA ELEKTRO 3605 020524 - Energia Elétrica||
|I200|491|02052024|116,13|N||
|I250|42103010013||116,13|D|0||PAGTO ELETRON COBRANCA ELEKTRO 8561 020524 - Energia Elétrica||
|I250|11102010002||116,13|C|0||PAGTO ELETRON COBRANCA ELEKTRO 8561 020524 - Energia Elétrica||
|I200|492|02052024|918,75|N||
|I250|31101020002||918,75|D|0||PAGTO ELETRON COBRANCA COND CAMPOS 010524 - Condominio||
|I250|11102010002||918,75|C|0||PAGTO ELETRON COBRANCA COND CAMPOS 010524 - Condominio||
|I200|493|02052024|6645,15|N||
|I250|12301010010||6645,15|D|0||PAGTO ELETRON COBRANCA OBRA GJ NF 213 - Obra Guarujį||
|I250|11102010002||6645,15|C|0||PAGTO ELETRON COBRANCA OBRA GJ NF 213 - Obra Guarujį||
|I200|494|02052024|2500|N||
|I250|42103010040||2500|D|0||TRANSF CC PARA CC PJ AZITA MARIA DA SILVERIO - Ajuda de Custo||
|I250|11102010002||2500|C|0||TRANSF CC PARA CC PJ AZITA MARIA DA SILVERIO - Ajuda de Custo||
|I200|495|02052024|1880|N||
|I250|31101020003||1880|D|0||TRANSFERENCIA PIX DES: LUIZ CARLOS DA SILVA 02/05 - Manutenēćo e Conservaēćo||
|I250|11102010002||1880|C|0||TRANSFERENCIA PIX DES: LUIZ CARLOS DA SILVA 02/05 - Manutenēćo e Conservaēćo||
|I200|496|02052024|1928|N||
|I250|31101020003||1928|D|0||TRANSFERENCIA PIX DES: Eva Koch Santos    02/05 - Manutenēćo e Conservaēćo||
|I250|11102010002||1928|C|0||TRANSFERENCIA PIX DES: Eva Koch Santos    02/05 - Manutenēćo e Conservaēćo||
|I200|497|02052024|5000|N||
|I250|42103010040||5000|D|0||TRANSFERENCIA PIX DES: CLAUDIA GOMES     02/05 - Ajuda de Custo||
|I250|11102010002||5000|C|0||TRANSFERENCIA PIX DES: CLAUDIA GOMES     02/05 - Ajuda de Custo||
|I200|498|02052024|3494|N||
|I250|31101020003||3494|D|0||TRANSFERENCIA PIX DES: MARIA CRISTINA RAYMUN 02/05 - Manutenēćo e Conservaēćo||
|I250|11102010002||3494|C|0||TRANSFERENCIA PIX DES: MARIA CRISTINA RAYMUN 02/05 - Manutenēćo e Conservaēćo||
|I200|499|02052024|1480|N||
|I250|31101020003||1480|D|0||TRANSFERENCIA PIX DES: CARLOS ROBERTO DE OLI 02/05 - Manutenēćo e Conservaēćo||
|I250|11102010002||1480|C|0||TRANSFERENCIA PIX DES: CARLOS ROBERTO DE OLI 02/05 - Manutenēćo e Conservaēćo||
|I200|500|02052024|1362,69|N||
|I250|12301010010||1362,69|D|0||TRANSFERENCIA PIX DES: PORTAL KIT MADEIRAS E 02/05 - Obra Guarujį||
|I250|11102010002||1362,69|C|0||TRANSFERENCIA PIX DES: PORTAL KIT MADEIRAS E 02/05 - Obra Guarujį||
|I200|501|02052024|550|N||
|I250|31101020003||550|D|0||TRANSFERENCIA PIX DES: Antonio Francisco Fur 02/05 - Manutenēćo Cotia||
|I250|11102010002||550|C|0||TRANSFERENCIA PIX DES: Antonio Francisco Fur 02/05 - Manutenēćo Cotia||
|I200|502|02052024|108,09|N||
|I250|42103010021||108,09|D|0||CONTA DE AGUA E ESGOTO INTERNET --SABESP/SP - Įgua e Esgoto||
|I250|11102010002||108,09|C|0||CONTA DE AGUA E ESGOTO INTERNET --SABESP/SP - Įgua e Esgoto||
|I200|503|03052024|309|N||
|I250|11102010002||309|D|0||RESGATE INVEST FACIL - Aplic/Resgate||
|I250|11104030002||309|C|0||RESGATE INVEST FACIL - Aplic/Resgate||
|I200|504|03052024|9|N||
|I250|42301010005||9|D|0||TARIFA BANCARIA TRANSF PGTO PIX - Despesas Bancįrias||
|I250|11102010002||9|C|0||TARIFA BANCARIA TRANSF PGTO PIX - Despesas Bancįrias||
|I200|505|03052024|300|N||
|I250|31101020003||300|D|0||TRANSFERENCIA PIX DES: Antonio Francisco Fur 03/05 - Manutenēćo Cotia||
|I250|11102010002||300|C|0||TRANSFERENCIA PIX DES: Antonio Francisco Fur 03/05 - Manutenēćo Cotia||
|I200|506|06052024|6065,85|N||
|I250|11102010002||6065,85|D|0||RESGATE INVEST FACIL - Aplic/Resgate||
|I250|11104030002||6065,85|C|0||RESGATE INVEST FACIL - Aplic/Resgate||
|I200|507|06052024|3629,97|N||
|I250|31101020002||3629,97|D|0||PAGTO ELETRON COBRANCA COND PALAIS ROYAL 050524 - Condominio||
|I250|11102010002||3629,97|C|0||PAGTO ELETRON COBRANCA COND PALAIS ROYAL 050524 - Condominio||
|I200|508|06052024|160,89|N||
|I250|42103010033||160,89|D|0||PAGTO ELETRON COBRANCA ALARME CAMPOS 050524 - Seguranēa||
|I250|11102010002||160,89|C|0||PAGTO ELETRON COBRANCA ALARME CAMPOS 050524 - Seguranēa||
|I200|509|06052024|7,7|N||
|I250|42301010005||7,7|D|0||TARIFA BANCARIA TRANSF PGTO PIX - Despesas Bancįrias||
|I250|11102010002||7,7|C|0||TARIFA BANCARIA TRANSF PGTO PIX - Despesas Bancįrias||
|I200|510|06052024|9|N||
|I250|42301010005||9|D|0||TARIFA BANCARIA TRANSF PGTO PIX - Despesas Bancįrias||
|I250|11102010002||9|C|0||TARIFA BANCARIA TRANSF PGTO PIX - Despesas Bancįrias||
|I200|511|06052024|9|N||
|I250|42301010005||9|D|0||TARIFA BANCARIA TRANSF PGTO PIX - Despesas Bancįrias||
|I250|11102010002||9|C|0||TARIFA BANCARIA TRANSF PGTO PIX - Despesas Bancįrias||
|I200|512|06052024|9|N||
|I250|42301010005||9|D|0||TARIFA BANCARIA TRANSF PGTO PIX - Despesas Bancįrias||
|I250|11102010002||9|C|0||TARIFA BANCARIA TRANSF PGTO PIX - Despesas Bancįrias||
|I200|513|06052024|9|N||
|I250|42301010005||9|D|0||TARIFA BANCARIA TRANSF PGTO PIX - Despesas Bancįrias||
|I250|11102010002||9|C|0||TARIFA BANCARIA TRANSF PGTO PIX - Despesas Bancįrias||
|I200|514|06052024|9|N||
|I250|42301010005||9|D|0||TARIFA BANCARIA TRANSF PGTO PIX - Despesas Bancįrias||
|I250|11102010002||9|C|0||TARIFA BANCARIA TRANSF PGTO PIX - Despesas Bancįrias||
|I200|515|06052024|9|N||
|I250|42301010005||9|D|0||TARIFA BANCARIA TRANSF PGTO PIX - Despesas Bancįrias||
|I250|11102010002||9|C|0||TARIFA BANCARIA TRANSF PGTO PIX - Despesas Bancįrias||
|I200|516|06052024|2213,29|N||
|I250|42101020001||2213,29|D|0||PAGTO ELETRONICO TRIBUTO INTERNET --DOC.ARREC.DO ESOC - Esocial||
|I250|11102010002||2213,29|C|0||PAGTO ELETRONICO TRIBUTO INTERNET --DOC.ARREC.DO ESOC - Esocial||
|I200|517|07052024|568,63|N||
|I250|11102010002||568,63|D|0||RESGATE INVEST FACIL - Aplic/Resgate||
|I250|11104030002||568,63|C|0||RESGATE INVEST FACIL - Aplic/Resgate||
|I200|518|07052024|164,43|N||
|I250|12301010010||164,43|D|0||PAGTO ELETRON COBRANCA OBRA GJ NF 366 - Obra Guarujį||
|I250|11102010002||164,43|C|0||PAGTO ELETRON COBRANCA OBRA GJ NF 366 - Obra Guarujį||
|I200|519|07052024|4,2|N||
|I250|42301010005||4,2|D|0||TARIFA BANCARIA TRANSF PGTO PIX - Despesas Bancįrias||
|I250|11102010002||4,2|C|0||TARIFA BANCARIA TRANSF PGTO PIX - Despesas Bancįrias||
|I200|520|07052024|400|N||
|I250|31101020003||400|D|0||TRANSFERENCIA PIX DES: Antonio Francisco Fur 07/05 - Manutenēćo Cotia||
|I250|11102010002||400|C|0||TRANSFERENCIA PIX DES: Antonio Francisco Fur 07/05 - Manutenēćo Cotia||
|I200|521|08052024|8000|N||
|I250|11102010002||8000|D|0||TED-TRANSF ELET DISPON REMET.PAULO J M SILVEIRA - Locaēćo Bertioga||
|I250|31101010001||8000|C|0||TED-TRANSF ELET DISPON REMET.PAULO J M SILVEIRA - Locaēćo Bertioga||
|I200|522|08052024|2507,32|N||
|I250|31101020002||2507,32|D|0||PAGTO ELETRON COBRANCA COND 33 080524 - Condominio||
|I250|11102010002||2507,32|C|0||PAGTO ELETRON COBRANCA COND 33 080524 - Condominio||
|I200|523|08052024|2507,32|N||
|I250|31101020002||2507,32|D|0||PAGTO ELETRON COBRANCA COND 32 080524 - Condominio||
|I250|11102010002||2507,32|C|0||PAGTO ELETRON COBRANCA COND 32 080524 - Condominio||
|I200|524|08052024|2985,36|N||
|I250|11104030002||2985,36|D|0||APLIC.INVEST FACIL - Aplic/Resgate||
|I250|11102010002||2985,36|C|0||APLIC.INVEST FACIL - Aplic/Resgate||
|I200|525|09052024|10|N||
|I250|11102010002||10|D|0||RESGATE INVEST FACIL - Aplic/Resgate||
|I250|11104030002||10|C|0||RESGATE INVEST FACIL - Aplic/Resgate||
|I200|526|09052024|5,6|N||
|I250|42301010005||5,6|D|0||TARIFA BANCARIA TRANSF PGTO PIX - Despesas Bancįrias||
|I250|11102010002||5,6|C|0||TARIFA BANCARIA TRANSF PGTO PIX - Despesas Bancįrias||
|I200|527|10052024|7373,94|N||
|I250|11102010002||7373,94|D|0||TRANSFERENCIA PIX REM: CLASSIC GESTAO ADMINI 10/05 - Locaēćo Ctba||
|I250|31101010001||7373,94|C|0||TRANSFERENCIA PIX REM: CLASSIC GESTAO ADMINI 10/05 - Locaēćo Ctba||
|I200|528|10052024|471,17|N||
|I250|31101020002||471,17|D|0||PAGTO ELETRON COBRANCA COND FLORIPA 100524 - Condominio||
|I250|11102010002||471,17|C|0||PAGTO ELETRON COBRANCA COND FLORIPA 100524 - Condominio||
|I200|529|10052024|46|N||
|I250|42301010005||46|D|0||CARTAO CREDITO ANUIDADE - Despesas Bancįrias||
|I250|11102010002||46|C|0||CARTAO CREDITO ANUIDADE - Despesas Bancįrias||
|I200|530|10052024|6644,25|N||
|I250|11104030002||6644,25|D|0||APLIC.INVEST FACIL - Aplic/Resgate||
|I250|11102010002||6644,25|C|0||APLIC.INVEST FACIL - Aplic/Resgate||
|I200|531|10052024|216,92|N||
|I250|42103010035||216,92|D|0||CONTA DE TELEFONE INTERNET --TELEFONICA BRASIL S/ - Telefonia e Dados||
|I250|11102010002||216,92|C|0||CONTA DE TELEFONE INTERNET --TELEFONICA BRASIL S/ - Telefonia e Dados||
|I200|532|15052024|3096,2|N||
|I250|11102010002||3096,2|D|0||RESGATE INVEST FACIL - Aplic/Resgate||
|I250|11104030002||3096,2|C|0||RESGATE INVEST FACIL - Aplic/Resgate||
|I200|533|15052024|141,9|N||
|I250|42301010005||141,9|D|0||TARIFA BANCARIA Max Empresarial 1 - Despesas Bancįrias||
|I250|11102010002||141,9|C|0||TARIFA BANCARIA Max Empresarial 1 - Despesas Bancįrias||
|I200|534|15052024|2578,4|N||
|I250|12301010010||2578,4|D|0||PIX QR CODE ESTATICO DES: PIX Marketplace    15/05 - Obra Guarujį||
|I250|11102010002||2578,4|C|0||PIX QR CODE ESTATICO DES: PIX Marketplace    15/05 - Obra Guarujį||
|I200|535|15052024|375,9|N||
|I250|12301010010||375,9|D|0||PIX QR CODE ESTATICO DES: PIX Marketplace    15/05 - Obra Guarujį||
|I250|11102010002||375,9|C|0||PIX QR CODE ESTATICO DES: PIX Marketplace    15/05 - Obra Guarujį||
|I200|536|16052024|20000|N||
|I250|11102010002||20000|D|0||RESGATE INVEST FACIL - Aplic/Resgate||
|I250|11104030002||20000|C|0||RESGATE INVEST FACIL - Aplic/Resgate||
|I200|537|16052024|5000|N||
|I250|12301010010||5000|D|0||TRANSFERENCIA PIX DES: GUSTAVO S DO NASCIMEN 16/05 - Obra Guarujį||
|I250|11102010002||5000|C|0||TRANSFERENCIA PIX DES: GUSTAVO S DO NASCIMEN 16/05 - Obra Guarujį||
|I200|538|16052024|15000|N||
|I250|22101030021||15000|D|0||TRANSFERENCIA PIX DES: Jose Rozinei da Silva 16/05 - Mśtuo Nei||
|I250|11102010002||15000|C|0||TRANSFERENCIA PIX DES: Jose Rozinei da Silva 16/05 - Mśtuo Nei||
|I200|539|17052024|15000|N||
|I250|11102010002||15000|D|0||RESGATE INVEST FACIL - Aplic/Resgate||
|I250|11104030002||15000|C|0||RESGATE INVEST FACIL - Aplic/Resgate||
|I200|540|17052024|10000|N||
|I250|12301010010||10000|D|0||TRANSFERENCIA PIX DES: FERNANDO RAIMUNDO DO 17/05 - Obra Guarujį||
|I250|11102010002||10000|C|0||TRANSFERENCIA PIX DES: FERNANDO RAIMUNDO DO 17/05 - Obra Guarujį||
|I200|541|17052024|5000|N||
|I250|12301010010||5000|D|0||TRANSFERENCIA PIX DES: HELIO NOVAES     17/05 - Obra Guarujį||
|I250|11102010002||5000|C|0||TRANSFERENCIA PIX DES: HELIO NOVAES     17/05 - Obra Guarujį||
|I200|542|20052024|11836,18|N||
|I250|11102010002||11836,18|D|0||RESGATE INVEST FACIL - Aplic/Resgate||
|I250|11104030002||11836,18|C|0||RESGATE INVEST FACIL - Aplic/Resgate||
|I200|543|20052024|1455,77|N||
|I250|31101020003||1455,77|D|0||PAGTO ELETRON COBRANCA CONVENIO CARLOS 200524 - Manutenēćo e Conservaēćo||
|I250|11102010002||1455,77|C|0||PAGTO ELETRON COBRANCA CONVENIO CARLOS 200524 - Manutenēćo e Conservaēćo||
|I200|544|20052024|1021,27|N||
|I250|31101020003||1021,27|D|0||PAGTO ELETRON COBRANCA CONVENIO EVA 200524 - Manutenēćo e Conservaēćo||
|I250|11102010002||1021,27|C|0||PAGTO ELETRON COBRANCA CONVENIO EVA 200524 - Manutenēćo e Conservaēćo||
|I200|545|20052024|321,14|N||
|I250|42103010001||321,14|D|0||PAGTO ELETRON COBRANCA VIRTUAL OFFICE 250524 - Aluguel||
|I250|11102010002||321,14|C|0||PAGTO ELETRON COBRANCA VIRTUAL OFFICE 250524 - Aluguel||
|I200|546|20052024|9|N||
|I250|42301010005||9|D|0||TARIFA BANCARIA TRANSF PGTO PIX - Despesas Bancįrias||
|I250|11102010002||9|C|0||TARIFA BANCARIA TRANSF PGTO PIX - Despesas Bancįrias||
|I200|547|20052024|9|N||
|I250|42301010005||9|D|0||TARIFA BANCARIA TRANSF PGTO PIX - Despesas Bancįrias||
|I250|11102010002||9|C|0||TARIFA BANCARIA TRANSF PGTO PIX - Despesas Bancįrias||
|I200|548|20052024|425|N||
|I250|12301010010||425|D|0||TRANSFERENCIA PIX DES: Luiz Fernando Ribeiro 20/05 - Obra Guarujį||
|I250|11102010002||425|C|0||TRANSFERENCIA PIX DES: Luiz Fernando Ribeiro 20/05 - Obra Guarujį||
|I200|549|20052024|7095|N||
|I250|12301010010||7095|D|0||TRANSFERENCIA PIX DES: FERNANDO RAIMUNDO DO 20/05 - Obra Guarujį||
|I250|11102010002||7095|C|0||TRANSFERENCIA PIX DES: FERNANDO RAIMUNDO DO 20/05 - Obra Guarujį||
|I200|550|20052024|1500|N||
|I250|12301010010||1500|D|0||TRANSFERENCIA PIX DES: HELIO NOVAES     20/05 - Obra Guarujį||
|I250|11102010002||1500|C|0||TRANSFERENCIA PIX DES: HELIO NOVAES     20/05 - Obra Guarujį||
|I200|551|21052024|302,89|N||
|I250|11102010002||302,89|D|0||RESGATE INVEST FACIL - Aplic/Resgate||
|I250|11104030002||302,89|C|0||RESGATE INVEST FACIL - Aplic/Resgate||
|I200|552|21052024|284,89|N||
|I250|12301010010||284,89|D|0||PAGTO ELETRON COBRANCA OBRA GJ LUSTRES - Obra Guarujį||
|I250|11102010002||284,89|C|0||PAGTO ELETRON COBRANCA OBRA GJ LUSTRES - Obra Guarujį||
|I200|553|21052024|9|N||
|I250|42301010005||9|D|0||TARIFA BANCARIA TRANSF PGTO PIX - Despesas Bancįrias||
|I250|11102010002||9|C|0||TARIFA BANCARIA TRANSF PGTO PIX - Despesas Bancįrias||
|I200|554|21052024|9|N||
|I250|42301010005||9|D|0||TARIFA BANCARIA TRANSF PGTO PIX - Despesas Bancįrias||
|I250|11102010002||9|C|0||TARIFA BANCARIA TRANSF PGTO PIX - Despesas Bancįrias||
|I200|555|22052024|10738,13|N||
|I250|11102010002||10738,13|D|0||RESGATE INVEST FACIL - Aplic/Resgate||
|I250|11104030002||10738,13|C|0||RESGATE INVEST FACIL - Aplic/Resgate||
|I200|556|22052024|10738,13|N||
|I250|31101020002||10738,13|D|0||PAGTO ELETRON COBRANCA COND SASIP 220524 - Condominio||
|I250|11102010002||10738,13|C|0||PAGTO ELETRON COBRANCA COND SASIP 220524 - Condominio||
|I200|557|23052024|40000|N||
|I250|11102010002||40000|D|0||TRANSF CC PARA CC PJ KIPSTONE SERVICOS E TECNOLOGIA L - Mśtuo KPL||
|I250|22101030018||40000|C|0||TRANSF CC PARA CC PJ KIPSTONE SERVICOS E TECNOLOGIA L - Mśtuo KPL||
|I200|558|23052024|30000|N||
|I250|11102010002||30000|D|0||TRANSF CC PARA CC PJ KIPSTONE SERVICOS E TECNOLOGIA L - Mśtuo KPL||
|I250|22101030018||30000|C|0||TRANSF CC PARA CC PJ KIPSTONE SERVICOS E TECNOLOGIA L - Mśtuo KPL||
|I200|559|23052024|3515,85|N||
|I250|12301010010||3515,85|D|0||PAGTO ELETRON COBRANCA OBRA GJ NF 241 - Obra Guarujį||
|I250|11102010002||3515,85|C|0||PAGTO ELETRON COBRANCA OBRA GJ NF 241 - Obra Guarujį||
|I200|560|23052024|725,55|N||
|I250|12301010010||725,55|D|0||PAGTO ELETRON COBRANCA OBRA GJ NF 370 - Obra Guarujį||
|I250|11102010002||725,55|C|0||PAGTO ELETRON COBRANCA OBRA GJ NF 370 - Obra Guarujį||
|I200|561|23052024|5,95|N||
|I250|42301010005||5,95|D|0||TARIFA BANCARIA TRANSF PGTO PIX - Despesas Bancįrias||
|I250|11102010002||5,95|C|0||TARIFA BANCARIA TRANSF PGTO PIX - Despesas Bancįrias||
|I200|562|23052024|9|N||
|I250|42301010005||9|D|0||TARIFA BANCARIA TRANSF PGTO PIX - Despesas Bancįrias||
|I250|11102010002||9|C|0||TARIFA BANCARIA TRANSF PGTO PIX - Despesas Bancįrias||
|I200|563|23052024|9|N||
|I250|42301010005||9|D|0||TARIFA BANCARIA TRANSF PGTO PIX - Despesas Bancįrias||
|I250|11102010002||9|C|0||TARIFA BANCARIA TRANSF PGTO PIX - Despesas Bancįrias||
|I200|564|23052024|28385,59|N||
|I250|11104030002||28385,59|D|0||APLIC.INVEST FACIL - Aplic/Resgate||
|I250|11102010002||28385,59|C|0||APLIC.INVEST FACIL - Aplic/Resgate||
|I200|565|23052024|400|N||
|I250|31101020003||400|D|0||TRANSFERENCIA PIX DES: Antonio Francisco Fur 23/05 - Manutenēćo Cotia||
|I250|11102010002||400|C|0||TRANSFERENCIA PIX DES: Antonio Francisco Fur 23/05 - Manutenēćo Cotia||
|I200|566|23052024|145|N||
|I250|12301010010||145|D|0||TRANSFERENCIA PIX DES: HELIO NOVAES     23/05 - Obra Guarujį||
|I250|11102010002||145|C|0||TRANSFERENCIA PIX DES: HELIO NOVAES     23/05 - Obra Guarujį||
|I200|567|23052024|21237,87|N||
|I250|31101020005||21237,87|D|0||TRANSFERENCIA PIX DES: 9 CARTORIO DE NOTAS D 23/05 - Cartório||
|I250|11102010002||21237,87|C|0||TRANSFERENCIA PIX DES: 9 CARTORIO DE NOTAS D 23/05 - Cartório||
|I200|568|23052024|15566,19|N||
|I250|31101020005||15566,19|D|0||TRANSFERENCIA PIX DES: SANTOS 1 CARTORIO DE 23/05 - Cartório||
|I250|11102010002||15566,19|C|0||TRANSFERENCIA PIX DES: SANTOS 1 CARTORIO DE 23/05 - Cartório||
|I200|569|24052024|1041,81|N||
|I250|11102010002||1041,81|D|0||RESGATE INVEST FACIL - Aplic/Resgate||
|I250|11104030002||1041,81|C|0||RESGATE INVEST FACIL - Aplic/Resgate||
|I200|570|24052024|1041,81|N||
|I250|12301010010||1041,81|D|0||PAGTO ELETRON COBRANCA OBRA GJ NF 374 - Obra Guarujį||
|I250|11102010002||1041,81|C|0||PAGTO ELETRON COBRANCA OBRA GJ NF 374 - Obra Guarujį||
|I200|571|27052024|25,63|N||
|I250|11102010002||25,63|D|0||RESGATE INVEST FACIL - Aplic/Resgate||
|I250|11104030002||25,63|C|0||RESGATE INVEST FACIL - Aplic/Resgate||
|I200|572|27052024|2,03|N||
|I250|42301010005||2,03|D|0||TARIFA BANCARIA TRANSF PGTO PIX - Despesas Bancįrias||
|I250|11102010002||2,03|C|0||TARIFA BANCARIA TRANSF PGTO PIX - Despesas Bancįrias||
|I200|573|27052024|5,6|N||
|I250|42301010005||5,6|D|0||TARIFA BANCARIA TRANSF PGTO PIX - Despesas Bancįrias||
|I250|11102010002||5,6|C|0||TARIFA BANCARIA TRANSF PGTO PIX - Despesas Bancįrias||
|I200|574|27052024|9|N||
|I250|42301010005||9|D|0||TARIFA BANCARIA TRANSF PGTO PIX - Despesas Bancįrias||
|I250|11102010002||9|C|0||TARIFA BANCARIA TRANSF PGTO PIX - Despesas Bancįrias||
|I200|575|27052024|9|N||
|I250|42301010005||9|D|0||TARIFA BANCARIA TRANSF PGTO PIX - Despesas Bancįrias||
|I250|11102010002||9|C|0||TARIFA BANCARIA TRANSF PGTO PIX - Despesas Bancįrias||
|I200|576|28052024|140000|N||
|I250|11102010002||140000|D|0||TRANSF CC PARA CC PJ KIPSTONE SERVICOS E TECNOLOGIA L - Mśtuo KPL||
|I250|22101030018||140000|C|0||TRANSF CC PARA CC PJ KIPSTONE SERVICOS E TECNOLOGIA L - Mśtuo KPL||
|I200|577|28052024|11919,75|N||
|I250|42103010034||11919,75|D|0||PAGTO ELETRONICO TRIBUTO INTERNET --P.M BERTIOGA/SP - ITBI Bertioga||
|I250|11102010002||11919,75|C|0||PAGTO ELETRONICO TRIBUTO INTERNET --P.M BERTIOGA/SP - ITBI Bertioga||
|I200|578|28052024|11919,75|N||
|I250|42103010034||11919,75|D|0||PAGTO ELETRONICO TRIBUTO INTERNET --P.M BERTIOGA/SP - ITBI Bertioga||
|I250|11102010002||11919,75|C|0||PAGTO ELETRONICO TRIBUTO INTERNET --P.M BERTIOGA/SP - ITBI Bertioga||
|I200|579|28052024|11919,75|N||
|I250|42103010034||11919,75|D|0||PAGTO ELETRONICO TRIBUTO INTERNET --P.M BERTIOGA/SP - ITBI Bertioga||
|I250|11102010002||11919,75|C|0||PAGTO ELETRONICO TRIBUTO INTERNET --P.M BERTIOGA/SP - ITBI Bertioga||
|I200|580|28052024|99740,75|N||
|I250|11104030002||99740,75|D|0||APLIC.INVEST FACIL - Aplic/Resgate||
|I250|11102010002||99740,75|C|0||APLIC.INVEST FACIL - Aplic/Resgate||
|I200|581|28052024|4500|N||
|I250|42103010038||4500|D|0||TRANSFERENCIA PIX DES: NELSON REIS DE MORAIS 28/05 - Manutenēćo Veķculos||
|I250|11102010002||4500|C|0||TRANSFERENCIA PIX DES: NELSON REIS DE MORAIS 28/05 - Manutenēćo Veķculos||
|I200|582|29052024|2985,85|N||
|I250|11102010002||2985,85|D|0||RESGATE INVEST FACIL - Aplic/Resgate||
|I250|11104030002||2985,85|C|0||RESGATE INVEST FACIL - Aplic/Resgate||
|I200|583|29052024|6645,1|N||
|I250|11102010002||6645,1|D|0||RESGATE INVEST FACIL - Aplic/Resgate||
|I250|11104030002||6645,1|C|0||RESGATE INVEST FACIL - Aplic/Resgate||
|I200|584|29052024|18863,3|N||
|I250|11102010002||18863,3|D|0||RESGATE INVEST FACIL - Aplic/Resgate||
|I250|11104030002||18863,3|C|0||RESGATE INVEST FACIL - Aplic/Resgate||
|I200|585|29052024|5796,99|N||
|I250|11102010002||5796,99|D|0||RESGATE INVEST FACIL - Aplic/Resgate||
|I250|11104030002||5796,99|C|0||RESGATE INVEST FACIL - Aplic/Resgate||
|I200|586|29052024|3220,7|N||
|I250|12301010010||3220,7|D|0||PAGTO ELETRON COBRANCA OBRA GJ NF 251 - Obra Guarujį||
|I250|11102010002||3220,7|C|0||PAGTO ELETRON COBRANCA OBRA GJ NF 251 - Obra Guarujį||
|I200|587|29052024|21948,3|N||
|I250|42101010006||21948,3|D|0||PAGTO ELETRON COBRANCA CONV CLAUDIA 300524 - Assistźncia Médica||
|I250|11102010002||21948,3|C|0||PAGTO ELETRON COBRANCA CONV CLAUDIA 300524 - Assistźncia Médica||
|I200|588|29052024|9122,24|N||
|I250|42101020001||9122,24|D|0||PAGTO ELETRONICO TRIBUTO INTERNET --RECEITA FEDERAL/SP - Esocial||
|I250|11102010002||9122,24|C|0||PAGTO ELETRONICO TRIBUTO INTERNET --RECEITA FEDERAL/SP - Esocial||
|I200|589|31052024|11432,32|N||
|I250|11102010002||11432,32|D|0||RESGATE INVEST FACIL - Aplic/Resgate||
|I250|11104030002||11432,32|C|0||RESGATE INVEST FACIL - Aplic/Resgate||
|I200|590|31052024|11423,32|N||
|I250|42101010006||11423,32|D|0||PAGTO ELETRON COBRANCA CONV NEI 310524 - Assistźncia Médica||
|I250|11102010002||11423,32|C|0||PAGTO ELETRON COBRANCA CONV NEI 310524 - Assistźncia Médica||
|I200|591|31052024|9|N||
|I250|42301010005||9|D|0||TARIFA BANCARIA TRANSF PGTO PIX - Despesas Bancįrias||
|I250|11102010002||9|C|0||TARIFA BANCARIA TRANSF PGTO PIX - Despesas Bancįrias||
|I200|592|31052024|123,85|N||
|I250|31101020003||123,85|D|0||GASTOS MAN.RELACION-Despesa Manutenēćo Las Piedras||
|I250|11101010001||123,85|C|0||GASTOS MAN.RELACION-Despesa Manutenēćo Las Piedras||
|I200|593|03062024|9559,38|N||
|I250|11102010002||9559,38|D|0||RESGATE INVEST FACIL - Aplic/Resgate||
|I250|11104030002||9559,38|C|0||RESGATE INVEST FACIL - Aplic/Resgate||
|I200|594|03062024|11156,97|N||
|I250|11102010002||11156,97|D|0||RESGATE INVEST FACIL - Aplic/Resgate||
|I250|11104030002||11156,97|C|0||RESGATE INVEST FACIL - Aplic/Resgate||
|I200|595|03062024|19000|N||
|I250|11102010002||19000|D|0||TRANSFERENCIA PIX REM: NOVA RUBILIA INSTITUI 03/06 - Locaēćo Landmark||
|I250|31101010001||19000|C|0||TRANSFERENCIA PIX REM: NOVA RUBILIA INSTITUI 03/06 - Locaēćo Landmark||
|I200|596|03062024|489,28|N||
|I250|42103010013||489,28|D|0||PAGTO ELETRON COBRANCA ELEKTRO 3605 030624 - Energia Elétrica||
|I250|11102010002||489,28|C|0||PAGTO ELETRON COBRANCA ELEKTRO 3605 030624 - Energia Elétrica||
|I200|597|03062024|1775,46|N||
|I250|31101020002||1775,46|D|0||PAGTO ELETRON COBRANCA MARE 88 010624 - Condominio||
|I250|11102010002||1775,46|C|0||PAGTO ELETRON COBRANCA MARE 88 010624 - Condominio||
|I200|598|03062024|1775,46|N||
|I250|31101020002||1775,46|D|0||PAGTO ELETRON COBRANCA MARE 92 010624 - Condominio||
|I250|11102010002||1775,46|C|0||PAGTO ELETRON COBRANCA MARE 92 010624 - Condominio||
|I200|599|03062024|1775,46|N||
|I250|31101020002||1775,46|D|0||PAGTO ELETRON COBRANCA MARE 62 010624 - Condominio||
|I250|11102010002||1775,46|C|0||PAGTO ELETRON COBRANCA MARE 62 010624 - Condominio||
|I200|600|03062024|107,02|N||
|I250|42103010013||107,02|D|0||PAGTO ELETRON COBRANCA ELEKTRO AJS 8634 - Energia Elétrica||
|I250|11102010002||107,02|C|0||PAGTO ELETRON COBRANCA ELEKTRO AJS 8634 - Energia Elétrica||
|I200|601|03062024|107,02|N||
|I250|42103010013||107,02|D|0||PAGTO ELETRON COBRANCA ELEKTRO 8561 030624 - Energia Elétrica||
|I250|11102010002||107,02|C|0||PAGTO ELETRON COBRANCA ELEKTRO 8561 030624 - Energia Elétrica||
|I200|602|03062024|958,53|N||
|I250|31101020002||958,53|D|0||PAGTO ELETRON COBRANCA COND CAMPOS 010624 - Condominio||
|I250|11102010002||958,53|C|0||PAGTO ELETRON COBRANCA COND CAMPOS 010624 - Condominio||
|I200|603|03062024|160,89|N||
|I250|42103010033||160,89|D|0||PAGTO ELETRON COBRANCA ALARME CAMPOS 030624 - Seguranēa||
|I250|11102010002||160,89|C|0||PAGTO ELETRON COBRANCA ALARME CAMPOS 030624 - Seguranēa||
|I200|604|03062024|99,46|N||
|I250|42103010013||99,46|D|0||PAGTO ELETRON COBRANCA ELEKTRO 2504 030624 - Energia Elétrica||
|I250|11102010002||99,46|C|0||PAGTO ELETRON COBRANCA ELEKTRO 2504 030624 - Energia Elétrica||
|I200|605|03062024|100,5|N||
|I250|42103010013||100,5|D|0||PAGTO ELETRON COBRANCA ELEKTRO 4973 030624 - Energia Elétrica||
|I250|11102010002||100,5|C|0||PAGTO ELETRON COBRANCA ELEKTRO 4973 030624 - Energia Elétrica||
|I200|606|03062024|541,89|N||
|I250|31101020002||541,89|D|0||PAGTO ELETRON COBRANCA COND FLORIPA 030624 - Condominio||
|I250|11102010002||541,89|C|0||PAGTO ELETRON COBRANCA COND FLORIPA 030624 - Condominio||
|I200|607|03062024|2213,29|N||
|I250|42101020001||2213,29|D|0||PAGTO ELETRONICO TRIBUTO INTERNET --DOC.ARREC.DO ESOC - Esocial||
|I250|11102010002||2213,29|C|0||PAGTO ELETRONICO TRIBUTO INTERNET --DOC.ARREC.DO ESOC - Esocial||
|I200|608|03062024|2500|N||
|I250|42103010040||2500|D|0||TRANSF CC PARA CC PJ AZITA MARIA DA SILVERIO - Ajuda de Custo||
|I250|11102010002||2500|C|0||TRANSF CC PARA CC PJ AZITA MARIA DA SILVERIO - Ajuda de Custo||
|I200|609|03062024|300|N||
|I250|31101020003||300|D|0||TRANSFERENCIA PIX DES: Antonio Francisco Fur 03/06 - Manutenēćo Cotia||
|I250|11102010002||300|C|0||TRANSFERENCIA PIX DES: Antonio Francisco Fur 03/06 - Manutenēćo Cotia||
|I200|610|03062024|3494|N||
|I250|31101020003||3494|D|0||TRANSFERENCIA PIX DES: MARIA CRISTINA RAYMUN 03/06 - Manutenēćo e Conservaēćo||
|I250|11102010002||3494|C|0||TRANSFERENCIA PIX DES: MARIA CRISTINA RAYMUN 03/06 - Manutenēćo e Conservaēćo||
|I200|611|03062024|2000|N||
|I250|31101020003||2000|D|0||TRANSFERENCIA PIX DES: LUIZ CARLOS DA SILVA 03/06 - Manutenēćo e Conservaēćo||
|I250|11102010002||2000|C|0||TRANSFERENCIA PIX DES: LUIZ CARLOS DA SILVA 03/06 - Manutenēćo e Conservaēćo||
|I200|612|03062024|1480|N||
|I250|31101020003||1480|D|0||TRANSFERENCIA PIX DES: CARLOS ROBERTO DE OLI 03/06 - Manutenēćo e Conservaēćo||
|I250|11102010002||1480|C|0||TRANSFERENCIA PIX DES: CARLOS ROBERTO DE OLI 03/06 - Manutenēćo e Conservaēćo||
|I200|613|03062024|1928|N||
|I250|31101020003||1928|D|0||TRANSFERENCIA PIX DES: Eva Koch Santos    03/06 - Manutenēćo e Conservaēćo||
|I250|11102010002||1928|C|0||TRANSFERENCIA PIX DES: Eva Koch Santos    03/06 - Manutenēćo e Conservaēćo||
|I200|614|03062024|3000|N||
|I250|42103010040||3000|D|0||TRANSFERENCIA PIX DES: CLAUDIA GOMES     03/06 - Ajuda de Custo||
|I250|11102010002||3000|C|0||TRANSFERENCIA PIX DES: CLAUDIA GOMES     03/06 - Ajuda de Custo||
|I200|615|03062024|3000|N||
|I250|42101010006||3000|D|0||TRANSFERENCIA PIX DES: Andrea Mara      03/06 - Assistźncia Médica||
|I250|11102010002||3000|C|0||TRANSFERENCIA PIX DES: Andrea Mara      03/06 - Assistźncia Médica||
|I200|616|03062024|1400|N||
|I250|42101010006||1400|D|0||TRANSFERENCIA PIX DES: Fabio Yamamoto    03/06 - Dermatologista||
|I250|11102010002||1400|C|0||TRANSFERENCIA PIX DES: Fabio Yamamoto    03/06 - Dermatologista||
|I200|617|03062024|400|N||
|I250|31101020003||400|D|0||TRANSFERENCIA PIX DES: Antonio Francisco Fur 03/06 - Manutenēćo Cotia||
|I250|11102010002||400|C|0||TRANSFERENCIA PIX DES: Antonio Francisco Fur 03/06 - Manutenēćo Cotia||
|I200|618|03062024|10000|N||
|I250|12301010010||10000|D|0||TRANSFERENCIA PIX DES: FERNANDO RAIMUNDO DO 03/06 - Obra Guarujį||
|I250|11102010002||10000|C|0||TRANSFERENCIA PIX DES: FERNANDO RAIMUNDO DO 03/06 - Obra Guarujį||
|I200|619|03062024|110,09|N||
|I250|42103010021||110,09|D|0||CONTA DE AGUA E ESGOTO INTERNET --SABESP/SP - Įgua e Esgoto||
|I250|11102010002||110,09|C|0||CONTA DE AGUA E ESGOTO INTERNET --SABESP/SP - Įgua e Esgoto||
|I200|620|05062024|16552,64|N||
|I250|11102010002||16552,64|D|0||RESGATE INVEST FACIL - Aplic/Resgate||
|I250|11104030002||16552,64|C|0||RESGATE INVEST FACIL - Aplic/Resgate||
|I200|621|05062024|3629,97|N||
|I250|31101020002||3629,97|D|0||PAGTO ELETRON COBRANCA COND PALAIS ROYAL 050624 - Condominio||
|I250|11102010002||3629,97|C|0||PAGTO ELETRON COBRANCA COND PALAIS ROYAL 050624 - Condominio||
|I200|622|05062024|500|N||
|I250|42301010005||500|D|0||PAGTO ELETRON COBRANCA CREDITO REGISTRADORES CARTORIO - Despesas Bancįrias||
|I250|11102010002||500|C|0||PAGTO ELETRON COBRANCA CREDITO REGISTRADORES CARTORIO - Despesas Bancįrias||
|I200|623|05062024|1298,67|N||
|I250|12301010010||1298,67|D|0||TRANSFERENCIA PIX DES: PORTAL KIT MADEIRAS E 05/06 - Obra Guarujį||
|I250|11102010002||1298,67|C|0||TRANSFERENCIA PIX DES: PORTAL KIT MADEIRAS E 05/06 - Obra Guarujį||
|I200|624|05062024|9624|N||
|I250|12301010010||9624|D|0||TRANSFERENCIA PIX DES: PORTAL KIT MADEIRAS E 05/06 - Obra Guarujį||
|I250|11102010002||9624|C|0||TRANSFERENCIA PIX DES: PORTAL KIT MADEIRAS E 05/06 - Obra Guarujį||
|I200|625|05062024|1500|N||
|I250|12301010010||1500|D|0||TRANSFERENCIA PIX DES: MARIO IGNACIO     05/06 - Obra Guarujį||
|I250|11102010002||1500|C|0||TRANSFERENCIA PIX DES: MARIO IGNACIO     05/06 - Obra Guarujį||
|I200|626|06062024|81,8|N||
|I250|11102010002||81,8|D|0||RESGATE INVEST FACIL - Aplic/Resgate||
|I250|11104030002||81,8|C|0||RESGATE INVEST FACIL - Aplic/Resgate||
|I200|627|06062024|4,2|N||
|I250|42301010005||4,2|D|0||TARIFA BANCARIA TRANSF PGTO PIX - Despesas Bancįrias||
|I250|11102010002||4,2|C|0||TARIFA BANCARIA TRANSF PGTO PIX - Despesas Bancįrias||
|I200|628|06062024|5,6|N||
|I250|42301010005||5,6|D|0||TARIFA BANCARIA TRANSF PGTO PIX - Despesas Bancįrias||
|I250|11102010002||5,6|C|0||TARIFA BANCARIA TRANSF PGTO PIX - Despesas Bancįrias||
|I200|629|06062024|9|N||
|I250|42301010005||9|D|0||TARIFA BANCARIA TRANSF PGTO PIX - Despesas Bancįrias||
|I250|11102010002||9|C|0||TARIFA BANCARIA TRANSF PGTO PIX - Despesas Bancįrias||
|I200|630|06062024|9|N||
|I250|42301010005||9|D|0||TARIFA BANCARIA TRANSF PGTO PIX - Despesas Bancįrias||
|I250|11102010002||9|C|0||TARIFA BANCARIA TRANSF PGTO PIX - Despesas Bancįrias||
|I200|631|06062024|9|N||
|I250|42301010005||9|D|0||TARIFA BANCARIA TRANSF PGTO PIX - Despesas Bancįrias||
|I250|11102010002||9|C|0||TARIFA BANCARIA TRANSF PGTO PIX - Despesas Bancįrias||
|I200|632|06062024|9|N||
|I250|42301010005||9|D|0||TARIFA BANCARIA TRANSF PGTO PIX - Despesas Bancįrias||
|I250|11102010002||9|C|0||TARIFA BANCARIA TRANSF PGTO PIX - Despesas Bancįrias||
|I200|633|06062024|9|N||
|I250|42301010005||9|D|0||TARIFA BANCARIA TRANSF PGTO PIX - Despesas Bancįrias||
|I250|11102010002||9|C|0||TARIFA BANCARIA TRANSF PGTO PIX - Despesas Bancįrias||
|I200|634|06062024|9|N||
|I250|42301010005||9|D|0||TARIFA BANCARIA TRANSF PGTO PIX - Despesas Bancįrias||
|I250|11102010002||9|C|0||TARIFA BANCARIA TRANSF PGTO PIX - Despesas Bancįrias||
|I200|635|06062024|9|N||
|I250|42301010005||9|D|0||TARIFA BANCARIA TRANSF PGTO PIX - Despesas Bancįrias||
|I250|11102010002||9|C|0||TARIFA BANCARIA TRANSF PGTO PIX - Despesas Bancįrias||
|I200|636|06062024|9|N||
|I250|42301010005||9|D|0||TARIFA BANCARIA TRANSF PGTO PIX - Despesas Bancįrias||
|I250|11102010002||9|C|0||TARIFA BANCARIA TRANSF PGTO PIX - Despesas Bancįrias||
|I200|637|07062024|8000|N||
|I250|11102010002||8000|D|0||TED-TRANSF ELET DISPON REMET.PAULO J M SILVEIRA - Locaēćo Bertioga||
|I250|31101010001||8000|C|0||TED-TRANSF ELET DISPON REMET.PAULO J M SILVEIRA - Locaēćo Bertioga||
|I200|638|07062024|2507,32|N||
|I250|31101020002||2507,32|D|0||PAGTO ELETRON COBRANCA COND 33 100624 - Condominio||
|I250|11102010002||2507,32|C|0||PAGTO ELETRON COBRANCA COND 33 100624 - Condominio||
|I200|639|07062024|2507,32|N||
|I250|31101020002||2507,32|D|0||PAGTO ELETRON COBRANCA COND 32 100624 - Condominio||
|I250|11102010002||2507,32|C|0||PAGTO ELETRON COBRANCA COND 32 100624 - Condominio||
|I200|640|07062024|9|N||
|I250|42301010005||9|D|0||TARIFA BANCARIA TRANSF PGTO PIX - Despesas Bancįrias||
|I250|11102010002||9|C|0||TARIFA BANCARIA TRANSF PGTO PIX - Despesas Bancįrias||
|I200|641|07062024|9|N||
|I250|42301010005||9|D|0||TARIFA BANCARIA TRANSF PGTO PIX - Despesas Bancįrias||
|I250|11102010002||9|C|0||TARIFA BANCARIA TRANSF PGTO PIX - Despesas Bancįrias||
|I200|642|07062024|9|N||
|I250|42301010005||9|D|0||TARIFA BANCARIA TRANSF PGTO PIX - Despesas Bancįrias||
|I250|11102010002||9|C|0||TARIFA BANCARIA TRANSF PGTO PIX - Despesas Bancįrias||
|I200|643|07062024|2958,36|N||
|I250|11104030002||2958,36|D|0||APLIC.INVEST FACIL - Aplic/Resgate||
|I250|11102010002||2958,36|C|0||APLIC.INVEST FACIL - Aplic/Resgate||
|I200|644|10062024|7311,54|N||
|I250|11102010002||7311,54|D|0||TRANSFERENCIA PIX REM: CLASSIC GESTAO ADMINI 10/06 - Locaēćo Ctba||
|I250|31101010001||7311,54|C|0||TRANSFERENCIA PIX REM: CLASSIC GESTAO ADMINI 10/06 - Locaēćo Ctba||
|I200|645|10062024|46|N||
|I250|42301010005||46|D|0||CARTAO CREDITO ANUIDADE - Despesas Bancįrias||
|I250|11102010002||46|C|0||CARTAO CREDITO ANUIDADE - Despesas Bancįrias||
|I200|646|10062024|3465,54|N||
|I250|11104030002||3465,54|D|0||APLIC.INVEST FACIL - Aplic/Resgate||
|I250|11102010002||3465,54|C|0||APLIC.INVEST FACIL - Aplic/Resgate||
|I200|647|10062024|3800|N||
|I250|31101020003||3800|D|0||TRANSFERENCIA PIX DES: EDENILSON PIRES MELCH 10/06 - Manutenēćo e Conservaēćo||
|I250|11102010002||3800|C|0||TRANSFERENCIA PIX DES: EDENILSON PIRES MELCH 10/06 - Manutenēćo e Conservaēćo||
|I200|648|11062024|3980|N||
|I250|11102010002||3980|D|0||RESGATE INVEST FACIL - Aplic/Resgate||
|I250|11104030002||3980|C|0||RESGATE INVEST FACIL - Aplic/Resgate||
|I200|649|11062024|3730|N||
|I250|12301010010||3730|D|0||TRANSFERENCIA PIX DES: MADEREIRA PORTAL KITL 11/06 - Obra Guarujį||
|I250|11102010002||3730|C|0||TRANSFERENCIA PIX DES: MADEREIRA PORTAL KITL 11/06 - Obra Guarujį||
|I200|650|11062024|250|N||
|I250|31101020003||250|D|0||TRANSFERENCIA PIX DES: Antonio Francisco Fur 11/06 - Manutenēćo Cotia||
|I250|11102010002||250|C|0||TRANSFERENCIA PIX DES: Antonio Francisco Fur 11/06 - Manutenēćo Cotia||
|I200|651|13062024|6396,5|N||
|I250|11102010002||6396,5|D|0||RESGATE INVEST FACIL - Aplic/Resgate||
|I250|11104030002||6396,5|C|0||RESGATE INVEST FACIL - Aplic/Resgate||
|I200|652|13062024|9|N||
|I250|42301010005||9|D|0||TARIFA BANCARIA TRANSF PGTO PIX - Despesas Bancįrias||
|I250|11102010002||9|C|0||TARIFA BANCARIA TRANSF PGTO PIX - Despesas Bancįrias||
|I200|653|13062024|3,5|N||
|I250|42301010005||3,5|D|0||TARIFA BANCARIA TRANSF PGTO PIX - Despesas Bancįrias||
|I250|11102010002||3,5|C|0||TARIFA BANCARIA TRANSF PGTO PIX - Despesas Bancįrias||
|I200|654|13062024|9|N||
|I250|42301010005||9|D|0||TARIFA BANCARIA TRANSF PGTO PIX - Despesas Bancįrias||
|I250|11102010002||9|C|0||TARIFA BANCARIA TRANSF PGTO PIX - Despesas Bancįrias||
|I200|655|13062024|2800|N||
|I250|31101020003||2800|D|0||TRANSFERENCIA PIX DES: LUIZ EDUARDO RODRIGUE 13/06 - Manutenēćo e Conservaēćo||
|I250|11102010002||2800|C|0||TRANSFERENCIA PIX DES: LUIZ EDUARDO RODRIGUE 13/06 - Manutenēćo e Conservaēćo||
|I200|656|13062024|3575|N||
|I250|31101020003||3575|D|0||TRANSFERENCIA PIX DES: Luiz         13/06 - Manutenēćo e Conservaēćo||
|I250|11102010002||3575|C|0||TRANSFERENCIA PIX DES: Luiz         13/06 - Manutenēćo e Conservaēćo||
|I200|657|14062024|5673,28|N||
|I250|11102010002||5673,28|D|0||RESGATE INVEST FACIL - Aplic/Resgate||
|I250|11104030002||5673,28|C|0||RESGATE INVEST FACIL - Aplic/Resgate||
|I200|658|14062024|687,83|N||
|I250|12301010010||687,83|D|0||PAGTO ELETRON COBRANCA OBRA GJ NF 390  392 - Obra Guarujį||
|I250|11102010002||687,83|C|0||PAGTO ELETRON COBRANCA OBRA GJ NF 390  392 - Obra Guarujį||
|I200|659|14062024|156,1|N||
|I250|42301010005||156,1|D|0||TARIFA BANCARIA Max Empresarial 1 - Despesas Bancįrias||
|I250|11102010002||156,1|C|0||TARIFA BANCARIA Max Empresarial 1 - Despesas Bancįrias||
|I200|660|14062024|89|N||
|I250|12301010010||89|D|0||TRANSFERENCIA PIX DES: PMX          14/06 - Obra Guarujį||
|I250|11102010002||89|C|0||TRANSFERENCIA PIX DES: PMX          14/06 - Obra Guarujį||
|I200|661|14062024|3300|N||
|I250|12301010010||3300|D|0||TRANSFERENCIA PIX DES: JOYCE MARION ZORGDRAG 14/06 - Obra Guarujį||
|I250|11102010002||3300|C|0||TRANSFERENCIA PIX DES: JOYCE MARION ZORGDRAG 14/06 - Obra Guarujį||
|I200|662|14062024|1223,25|N||
|I250|12301010010||1223,25|D|0||TRANSFERENCIA PIX DES: PMX          14/06 - Obra Guarujį||
|I250|11102010002||1223,25|C|0||TRANSFERENCIA PIX DES: PMX          14/06 - Obra Guarujį||
|I200|663|14062024|217,1|N||
|I250|42103010035||217,1|D|0||CONTA DE TELEFONE INTERNET --TELEFONICA BRASIL S/ - Telefonia e Dados||
|I250|11102010002||217,1|C|0||CONTA DE TELEFONE INTERNET --TELEFONICA BRASIL S/ - Telefonia e Dados||
|I200|664|14062024|141727,81|N||
|I250|11101010001||141727,81|D|0||CRE. CAMBIOSOP....791241-Despesa Manutenēćo Las Piedras||
|I250|31101010001||141727,81|C|0||CRE. CAMBIOSOP....791241-Despesa Manutenēćo Las Piedras||
|I200|665|17062024|318|N||
|I250|11102010002||318|D|0||RESGATE INVEST FACIL - Aplic/Resgate||
|I250|11104030002||318|C|0||RESGATE INVEST FACIL - Aplic/Resgate||
|I200|666|17062024|9|N||
|I250|42301010005||9|D|0||TARIFA BANCARIA TRANSF PGTO PIX - Despesas Bancįrias||
|I250|11102010002||9|C|0||TARIFA BANCARIA TRANSF PGTO PIX - Despesas Bancįrias||
|I200|667|17062024|9|N||
|I250|42301010005||9|D|0||TARIFA BANCARIA TRANSF PGTO PIX - Despesas Bancįrias||
|I250|11102010002||9|C|0||TARIFA BANCARIA TRANSF PGTO PIX - Despesas Bancįrias||
|I200|668|17062024|300|N||
|I250|31101020003||300|D|0||TRANSFERENCIA PIX DES: Antonio Francisco Fur 17/06 - Manutenēćo Cotia||
|I250|11102010002||300|C|0||TRANSFERENCIA PIX DES: Antonio Francisco Fur 17/06 - Manutenēćo Cotia||
|I200|669|17062024|37153,8|N||
|I250|31101020003||37153,8|D|0||DEB. CAMBIOSST....890835-Despesa Manutenēćo Las Piedras||
|I250|11101010001||37153,8|C|0||DEB. CAMBIOSST....890835-Despesa Manutenēćo Las Piedras||
|I200|670|17062024|123,85|N||
|I250|31101020003||123,85|D|0||DEB. CAMBIOSST....890835-Despesa Manutenēćo Las Piedras||
|I250|11101010001||123,85|C|0||DEB. CAMBIOSST....890835-Despesa Manutenēćo Las Piedras||
|I200|671|18062024|444,65|N||
|I250|11102010002||444,65|D|0||RESGATE INVEST FACIL - Aplic/Resgate||
|I250|11104030002||444,65|C|0||RESGATE INVEST FACIL - Aplic/Resgate||
|I200|672|18062024|1,65|N||
|I250|42301010005||1,65|D|0||TARIFA BANCARIA TRANSF PGTO PIX - Despesas Bancįrias||
|I250|11102010002||1,65|C|0||TARIFA BANCARIA TRANSF PGTO PIX - Despesas Bancįrias||
|I200|673|18062024|9|N||
|I250|42301010005||9|D|0||TARIFA BANCARIA TRANSF PGTO PIX - Despesas Bancįrias||
|I250|11102010002||9|C|0||TARIFA BANCARIA TRANSF PGTO PIX - Despesas Bancįrias||
|I200|674|18062024|9|N||
|I250|42301010005||9|D|0||TARIFA BANCARIA TRANSF PGTO PIX - Despesas Bancįrias||
|I250|11102010002||9|C|0||TARIFA BANCARIA TRANSF PGTO PIX - Despesas Bancįrias||
|I200|675|18062024|425|N||
|I250|12301010010||425|D|0||TRANSFERENCIA PIX DES: Luiz Fernando Ribeiro 18/06 - Obra Guarujį||
|I250|11102010002||425|C|0||TRANSFERENCIA PIX DES: Luiz Fernando Ribeiro 18/06 - Obra Guarujį||
|I200|676|19062024|1583,4|N||
|I250|11102010002||1583,4|D|0||RESGATE INVEST FACIL - Aplic/Resgate||
|I250|11104030002||1583,4|C|0||RESGATE INVEST FACIL - Aplic/Resgate||
|I200|677|19062024|1583,4|N||
|I250|12301010010||1583,4|D|0||PAGTO ELETRON COBRANCA OBRA GJ LAMPADAS - Obra Guarujį||
|I250|11102010002||1583,4|C|0||PAGTO ELETRON COBRANCA OBRA GJ LAMPADAS - Obra Guarujį||
|I200|678|20062024|19000|N||
|I250|11102010002||19000|D|0||TRANSFERENCIA PIX REM: NOVA RUBILIA INSTITUI 20/06 - Locaēćo Landmark||
|I250|31101010001||19000|C|0||TRANSFERENCIA PIX REM: NOVA RUBILIA INSTITUI 20/06 - Locaēćo Landmark||
|I200|679|20062024|1455,77|N||
|I250|31101020003||1455,77|D|0||PAGTO ELETRON COBRANCA CONVENIO CARLOS 200624 - Manutenēćo e Conservaēćo||
|I250|11102010002||1455,77|C|0||PAGTO ELETRON COBRANCA CONVENIO CARLOS 200624 - Manutenēćo e Conservaēćo||
|I200|680|20062024|1021,27|N||
|I250|31101020003||1021,27|D|0||PAGTO ELETRON COBRANCA CONVENIO EVA 200624 - Manutenēćo e Conservaēćo||
|I250|11102010002||1021,27|C|0||PAGTO ELETRON COBRANCA CONVENIO EVA 200624 - Manutenēćo e Conservaēćo||
|I200|681|20062024|321,14|N||
|I250|42103010001||321,14|D|0||PAGTO ELETRON COBRANCA VIRTUAL OFFICE 200624 - Aluguel||
|I250|11102010002||321,14|C|0||PAGTO ELETRON COBRANCA VIRTUAL OFFICE 200624 - Aluguel||
|I200|682|20062024|5731,6|N||
|I250|12301010010||5731,6|D|0||PAGTO ELETRON COBRANCA OBRA GJ NF 270 - Obra Guarujį||
|I250|11102010002||5731,6|C|0||PAGTO ELETRON COBRANCA OBRA GJ NF 270 - Obra Guarujį||
|I200|683|20062024|4,2|N||
|I250|42301010005||4,2|D|0||TARIFA BANCARIA TRANSF PGTO PIX - Despesas Bancįrias||
|I250|11102010002||4,2|C|0||TARIFA BANCARIA TRANSF PGTO PIX - Despesas Bancįrias||
|I200|684|20062024|5,95|N||
|I250|42301010005||5,95|D|0||TARIFA BANCARIA TRANSF PGTO PIX - Despesas Bancįrias||
|I250|11102010002||5,95|C|0||TARIFA BANCARIA TRANSF PGTO PIX - Despesas Bancįrias||
|I200|685|20062024|10460,07|N||
|I250|11104030002||10460,07|D|0||APLIC.INVEST FACIL - Aplic/Resgate||
|I250|11102010002||10460,07|C|0||APLIC.INVEST FACIL - Aplic/Resgate||
|I200|686|20062024|12384,6|N||
|I250|31101020003||12384,6|D|0||DEB. CAMBIOSST....948419-Despesa Manutenēćo Las Piedras||
|I250|11101010001||12384,6|C|0||DEB. CAMBIOSST....948419-Despesa Manutenēćo Las Piedras||
|I200|687|20062024|123,85|N||
|I250|31101020003||123,85|D|0||DEB. CAMBIOSST....948419-Despesa Manutenēćo Las Piedras||
|I250|11101010001||123,85|C|0||DEB. CAMBIOSST....948419-Despesa Manutenēćo Las Piedras||
|I200|688|20062024|1548,08|N||
|I250|31101020003||1548,08|D|0||TRASPASO A 2209481ILINK-Despesa Manutenēćo Las Piedras||
|I250|11101010001||1548,08|C|0||TRASPASO A 2209481ILINK-Despesa Manutenēćo Las Piedras||
|I200|689|21062024|10000|N||
|I250|11102010002||10000|D|0||RESGATE INVEST FACIL - Aplic/Resgate||
|I250|11104030002||10000|C|0||RESGATE INVEST FACIL - Aplic/Resgate||
|I200|690|21062024|10000|N||
|I250|12301010010||10000|D|0||TRANSFERENCIA PIX DES: HELIO NOVAES     21/06 - Obra Guarujį||
|I250|11102010002||10000|C|0||TRANSFERENCIA PIX DES: HELIO NOVAES     21/06 - Obra Guarujį||
|I200|691|24062024|10710|N||
|I250|11102010002||10710|D|0||RESGATE INVEST FACIL - Aplic/Resgate||
|I250|11104030002||10710|C|0||RESGATE INVEST FACIL - Aplic/Resgate||
|I200|692|24062024|10710|N||
|I250|31101020002||10710|D|0||PAGTO ELETRON COBRANCA COND SASIP 240624 - Condominio||
|I250|11102010002||10710|C|0||PAGTO ELETRON COBRANCA COND SASIP 240624 - Condominio||
|I200|693|24062024|12384,6|N||
|I250|31101020003||12384,6|D|0||DEB. CAMBIOSST....009990-Despesa Manutenēćo Las Piedras||
|I250|11101010001||12384,6|C|0||DEB. CAMBIOSST....009990-Despesa Manutenēćo Las Piedras||
|I200|694|24062024|123,85|N||
|I250|31101020003||123,85|D|0||DEB. CAMBIOSST....009990-Despesa Manutenēćo Las Piedras||
|I250|11101010001||123,85|C|0||DEB. CAMBIOSST....009990-Despesa Manutenēćo Las Piedras||
|I200|695|24062024|12013,06|N||
|I250|11101010001||12013,06|D|0||CRE. CAMBIOSOP....936351-Despesa Manutenēćo Las Piedras||
|I250|31101010001||12013,06|C|0||CRE. CAMBIOSOP....936351-Despesa Manutenēćo Las Piedras||
|I200|696|25062024|10|N||
|I250|11102010002||10|D|0||RESGATE INVEST FACIL - Aplic/Resgate||
|I250|11104030002||10|C|0||RESGATE INVEST FACIL - Aplic/Resgate||
|I200|697|25062024|9|N||
|I250|42301010005||9|D|0||TARIFA BANCARIA TRANSF PGTO PIX - Despesas Bancįrias||
|I250|11102010002||9|C|0||TARIFA BANCARIA TRANSF PGTO PIX - Despesas Bancįrias||
|I200|698|27062024|426,7|N||
|I250|11102010002||426,7|D|0||RESGATE INVEST FACIL - Aplic/Resgate||
|I250|11104030002||426,7|C|0||RESGATE INVEST FACIL - Aplic/Resgate||
|I200|699|27062024|177,7|N||
|I250|12301010010||177,7|D|0||PAGTO ELETRON COBRANCA OBRA GJ LAMPADAS 062024 - Obra Guarujį||
|I250|11102010002||177,7|C|0||PAGTO ELETRON COBRANCA OBRA GJ LAMPADAS 062024 - Obra Guarujį||
|I200|700|27062024|250|N||
|I250|31101020003||250|D|0||TRANSFERENCIA PIX DES: Antonio Francisco Fur 27/06 - Manutenēćo Cotia||
|I250|11102010002||250|C|0||TRANSFERENCIA PIX DES: Antonio Francisco Fur 27/06 - Manutenēćo Cotia||
|I200|701|28062024|123,85|N||
|I250|31101020003||123,85|D|0||GASTOS MAN.RELACION-Despesa Manutenēćo Las Piedras||
|I250|11101010001||123,85|C|0||GASTOS MAN.RELACION-Despesa Manutenēćo Las Piedras||
|I200|702|01072024|149000|N||
|I250|11102010002||149000|D|0||TRANSF CC PARA CC PJ KIPSTONE SERVICOS E TECNOLOGIA L - Mśtuo KPL||
|I250|22101030018||149000|C|0||TRANSF CC PARA CC PJ KIPSTONE SERVICOS E TECNOLOGIA L - Mśtuo KPL||
|I200|703|01072024|14838,89|N||
|I250|42101010006||14838,89|D|0||PAGTO ELETRON COBRANCA CONV NEI 010724 - Assistźncia Médica||
|I250|11102010002||14838,89|C|0||PAGTO ELETRON COBRANCA CONV NEI 010724 - Assistźncia Médica||
|I200|704|01072024|28510,85|N||
|I250|42101010006||28510,85|D|0||PAGTO ELETRON COBRANCA CONV CLAUDIA 010724 - Assistźncia Médica||
|I250|11102010002||28510,85|C|0||PAGTO ELETRON COBRANCA CONV CLAUDIA 010724 - Assistźncia Médica||
|I200|705|01072024|104,04|N||
|I250|42103010013||104,04|D|0||PAGTO ELETRON COBRANCA ELEKTRO 2504 030724 - Energia Elétrica||
|I250|11102010002||104,04|C|0||PAGTO ELETRON COBRANCA ELEKTRO 2504 030724 - Energia Elétrica||
|I200|706|01072024|101,04|N||
|I250|42103010013||101,04|D|0||PAGTO ELETRON COBRANCA ELEKTRO 4973 280724 - Energia Elétrica||
|I250|11102010002||101,04|C|0||PAGTO ELETRON COBRANCA ELEKTRO 4973 280724 - Energia Elétrica||
|I200|707|01072024|554,96|N||
|I250|42103010013||554,96|D|0||PAGTO ELETRON COBRANCA ELEKTRO 3605 080724 - Energia Elétrica||
|I250|11102010002||554,96|C|0||PAGTO ELETRON COBRANCA ELEKTRO 3605 080724 - Energia Elétrica||
|I200|708|01072024|1775,46|N||
|I250|31101020002||1775,46|D|0||PAGTO ELETRON COBRANCA MARE 88 010724 - Condominio||
|I250|11102010002||1775,46|C|0||PAGTO ELETRON COBRANCA MARE 88 010724 - Condominio||
|I200|709|01072024|1775,46|N||
|I250|31101020002||1775,46|D|0||PAGTO ELETRON COBRANCA MARE 92 010724 - Condominio||
|I250|11102010002||1775,46|C|0||PAGTO ELETRON COBRANCA MARE 92 010724 - Condominio||
|I200|710|01072024|1775,46|N||
|I250|31101020002||1775,46|D|0||PAGTO ELETRON COBRANCA MARE 62 010724 - Condominio||
|I250|11102010002||1775,46|C|0||PAGTO ELETRON COBRANCA MARE 62 010724 - Condominio||
|I200|711|01072024|961,02|N||
|I250|31101020002||961,02|D|0||PAGTO ELETRON COBRANCA COND CAMPOS 010724 - Condominio||
|I250|11102010002||961,02|C|0||PAGTO ELETRON COBRANCA COND CAMPOS 010724 - Condominio||
|I200|712|01072024|3,5|N||
|I250|42301010005||3,5|D|0||TARIFA BANCARIA TRANSF PGTO PIX - Despesas Bancįrias||
|I250|11102010002||3,5|C|0||TARIFA BANCARIA TRANSF PGTO PIX - Despesas Bancįrias||
|I200|713|01072024|2500|N||
|I250|42103010040||2500|D|0||TRANSF CC PARA CC PJ AZITA MARIA DA SILVERIO - Ajuda de Custo||
|I250|11102010002||2500|C|0||TRANSF CC PARA CC PJ AZITA MARIA DA SILVERIO - Ajuda de Custo||
|I200|714|01072024|77331,72|N||
|I250|11104030002||77331,72|D|0||APLIC.INVEST FACIL - Aplic/Resgate||
|I250|11102010002||77331,72|C|0||APLIC.INVEST FACIL - Aplic/Resgate||
|I200|715|01072024|6000|N||
|I250|12301010010||6000|D|0||TRANSFERENCIA PIX DES: ADRIANO ALVES FERREIR 01/07 - Obra Guarujį||
|I250|11102010002||6000|C|0||TRANSFERENCIA PIX DES: ADRIANO ALVES FERREIR 01/07 - Obra Guarujį||
|I200|716|01072024|250|N||
|I250|31101020003||250|D|0||TRANSFERENCIA PIX DES: Antonio Francisco Fur 01/07 - Manutenēćo Cotia||
|I250|11102010002||250|C|0||TRANSFERENCIA PIX DES: Antonio Francisco Fur 01/07 - Manutenēćo Cotia||
|I200|717|01072024|2000|N||
|I250|31101020003||2000|D|0||TRANSFERENCIA PIX DES: LUIZ CARLOS DA SILVA 01/07 - Manutenēćo e Conservaēćo||
|I250|11102010002||2000|C|0||TRANSFERENCIA PIX DES: LUIZ CARLOS DA SILVA 01/07 - Manutenēćo e Conservaēćo||
|I200|718|01072024|1980|N||
|I250|31101020003||1980|D|0||TRANSFERENCIA PIX DES: CARLOS ROBERTO DE OLI 01/07 - Manutenēćo e Conservaēćo||
|I250|11102010002||1980|C|0||TRANSFERENCIA PIX DES: CARLOS ROBERTO DE OLI 01/07 - Manutenēćo e Conservaēćo||
|I200|719|01072024|1928|N||
|I250|31101020003||1928|D|0||TRANSFERENCIA PIX DES: Eva Koch Santos    01/07 - Manutenēćo e Conservaēćo||
|I250|11102010002||1928|C|0||TRANSFERENCIA PIX DES: Eva Koch Santos    01/07 - Manutenēćo e Conservaēćo||
|I200|720|01072024|3000|N||
|I250|42101010006||3000|D|0||TRANSFERENCIA PIX DES: Andrea Mara      01/07 - Assistźncia Médica||
|I250|11102010002||3000|C|0||TRANSFERENCIA PIX DES: Andrea Mara      01/07 - Assistźncia Médica||
|I200|721|01072024|3494|N||
|I250|31101020003||3494|D|0||TRANSFERENCIA PIX DES: MARIA CRISTINA RAYMUN 01/07 - Manutenēćo e Conservaēćo||
|I250|11102010002||3494|C|0||TRANSFERENCIA PIX DES: MARIA CRISTINA RAYMUN 01/07 - Manutenēćo e Conservaēćo||
|I200|722|01072024|115,6|N||
|I250|42103010021||115,6|D|0||CONTA DE AGUA E ESGOTO INTERNET --SABESP/SP - Įgua e Esgoto||
|I250|11102010002||115,6|C|0||CONTA DE AGUA E ESGOTO INTERNET --SABESP/SP - Įgua e Esgoto||
|I200|723|02072024|3500|N||
|I250|11102010002||3500|D|0||RESGATE INVEST FACIL - Aplic/Resgate||
|I250|11104030002||3500|C|0||RESGATE INVEST FACIL - Aplic/Resgate||
|I200|724|02072024|300|N||
|I250|31101020003||300|D|0||TRANSFERENCIA PIX DES: Antonio Francisco Fur 02/07 - Manutenēćo Cotia||
|I250|11102010002||300|C|0||TRANSFERENCIA PIX DES: Antonio Francisco Fur 02/07 - Manutenēćo Cotia||
|I200|725|02072024|3200|N||
|I250|31101020003||3200|D|0||TRANSFERENCIA PIX DES: Douglas Rogerio Vilas 02/07 - Manutenēćo CJ||
|I250|11102010002||3200|C|0||TRANSFERENCIA PIX DES: Douglas Rogerio Vilas 02/07 - Manutenēćo CJ||
|I200|726|03072024|2252,12|N||
|I250|11102010002||2252,12|D|0||RESGATE INVEST FACIL - Aplic/Resgate||
|I250|11104030002||2252,12|C|0||RESGATE INVEST FACIL - Aplic/Resgate||
|I200|727|03072024|443,54|N||
|I250|42101020001||443,54|D|0||PAGTO ELETRONICO TRIBUTO INTERNET --DOC.ARREC.DO ESOCIAL - Esocial||
|I250|11102010002||443,54|C|0||PAGTO ELETRONICO TRIBUTO INTERNET --DOC.ARREC.DO ESOCIAL - Esocial||
|I200|728|03072024|893,99|N||
|I250|42101020001||893,99|D|0||PAGTO ELETRONICO TRIBUTO INTERNET --DOC.ARREC.DO ESOCIAL - Esocial||
|I250|11102010002||893,99|C|0||PAGTO ELETRONICO TRIBUTO INTERNET --DOC.ARREC.DO ESOCIAL - Esocial||
|I200|729|03072024|914,59|N||
|I250|42101020001||914,59|D|0||PAGTO ELETRONICO TRIBUTO INTERNET --DOC.ARREC.DO ESOCIAL - Esocial||
|I250|11102010002||914,59|C|0||PAGTO ELETRONICO TRIBUTO INTERNET --DOC.ARREC.DO ESOCIAL - Esocial||
|I200|730|04072024|3012,8|N||
|I250|11102010002||3012,8|D|0||RESGATE INVEST FACIL - Aplic/Resgate||
|I250|11104030002||3012,8|C|0||RESGATE INVEST FACIL - Aplic/Resgate||
|I200|731|04072024|3,5|N||
|I250|42301010005||3,5|D|0||TARIFA BANCARIA TRANSF PGTO PIX - Despesas Bancįrias||
|I250|11102010002||3,5|C|0||TARIFA BANCARIA TRANSF PGTO PIX - Despesas Bancįrias||
|I200|732|04072024|9|N||
|I250|42301010005||9|D|0||TARIFA BANCARIA TRANSF PGTO PIX - Despesas Bancįrias||
|I250|11102010002||9|C|0||TARIFA BANCARIA TRANSF PGTO PIX - Despesas Bancįrias||
|I200|733|04072024|9|N||
|I250|42301010005||9|D|0||TARIFA BANCARIA TRANSF PGTO PIX - Despesas Bancįrias||
|I250|11102010002||9|C|0||TARIFA BANCARIA TRANSF PGTO PIX - Despesas Bancįrias||
|I200|734|04072024|9|N||
|I250|42301010005||9|D|0||TARIFA BANCARIA TRANSF PGTO PIX - Despesas Bancįrias||
|I250|11102010002||9|C|0||TARIFA BANCARIA TRANSF PGTO PIX - Despesas Bancįrias||
|I200|735|04072024|9|N||
|I250|42301010005||9|D|0||TARIFA BANCARIA TRANSF PGTO PIX - Despesas Bancįrias||
|I250|11102010002||9|C|0||TARIFA BANCARIA TRANSF PGTO PIX - Despesas Bancįrias||
|I200|736|04072024|9|N||
|I250|42301010005||9|D|0||TARIFA BANCARIA TRANSF PGTO PIX - Despesas Bancįrias||
|I250|11102010002||9|C|0||TARIFA BANCARIA TRANSF PGTO PIX - Despesas Bancįrias||
|I200|737|04072024|9|N||
|I250|42301010005||9|D|0||TARIFA BANCARIA TRANSF PGTO PIX - Despesas Bancįrias||
|I250|11102010002||9|C|0||TARIFA BANCARIA TRANSF PGTO PIX - Despesas Bancįrias||
|I200|738|04072024|4,2|N||
|I250|42301010005||4,2|D|0||TARIFA BANCARIA TRANSF PGTO PIX - Despesas Bancįrias||
|I250|11102010002||4,2|C|0||TARIFA BANCARIA TRANSF PGTO PIX - Despesas Bancįrias||
|I200|739|04072024|9|N||
|I250|42301010005||9|D|0||TARIFA BANCARIA TRANSF PGTO PIX - Despesas Bancįrias||
|I250|11102010002||9|C|0||TARIFA BANCARIA TRANSF PGTO PIX - Despesas Bancįrias||
|I200|740|04072024|1500|N||
|I250|42103010038||1500|D|0||TRANSFERENCIA PIX DES: TROPHY GARAGE     04/07 - Veķculos||
|I250|11102010002||1500|C|0||TRANSFERENCIA PIX DES: TROPHY GARAGE     04/07 - Veķculos||
|I200|741|04072024|1442,1|N||
|I250|12301010010||1442,1|D|0||TRANSFERENCIA PIX DES: MADEREIRA PORTAL KITL 04/07 - Obra Guarujį||
|I250|11102010002||1442,1|C|0||TRANSFERENCIA PIX DES: MADEREIRA PORTAL KITL 04/07 - Obra Guarujį||
|I200|742|05072024|21215,74|N||
|I250|11102010002||21215,74|D|0||RESGATE INVEST FACIL - Aplic/Resgate||
|I250|11104030002||21215,74|C|0||RESGATE INVEST FACIL - Aplic/Resgate||
|I200|743|05072024|8,71|N||
|I250|11102010002||8,71|D|0||RENTAB.INVEST FACILCRED* - Aplic/Resgate||
|I250|11104030002||8,71|C|0||RENTAB.INVEST FACILCRED* - Aplic/Resgate||
|I200|744|05072024|9651,52|N||
|I250|12301010010||9651,52|D|0||PAGTO ELETRON COBRANCA OBRA GJ SERRALHERIA E VIDROS - Obra Guarujį||
|I250|11102010002||9651,52|C|0||PAGTO ELETRON COBRANCA OBRA GJ SERRALHERIA E VIDROS - Obra Guarujį||
|I200|745|05072024|4268,65|N||
|I250|12301010010||4268,65|D|0||PAGTO ELETRON COBRANCA OBRA GJ NF 275 - Obra Guarujį||
|I250|11102010002||4268,65|C|0||PAGTO ELETRON COBRANCA OBRA GJ NF 275 - Obra Guarujį||
|I200|746|05072024|3629,97|N||
|I250|31101020002||3629,97|D|0||PAGTO ELETRON COBRANCA COND PALAIS ROYAL 050724 - Condominio||
|I250|11102010002||3629,97|C|0||PAGTO ELETRON COBRANCA COND PALAIS ROYAL 050724 - Condominio||
|I200|747|05072024|160,89|N||
|I250|42103010033||160,89|D|0||PAGTO ELETRON COBRANCA ALARME CAMPOS 050724 - Seguranēa||
|I250|11102010002||160,89|C|0||PAGTO ELETRON COBRANCA ALARME CAMPOS 050724 - Seguranēa||
|I200|748|05072024|421,44|N||
|I250|31101020002||421,44|D|0||PAGTO ELETRON COBRANCA COND FLORIPA 050724 - Condominio||
|I250|11102010002||421,44|C|0||PAGTO ELETRON COBRANCA COND FLORIPA 050724 - Condominio||
|I200|749|05072024|216,23|N||
|I250|42103010020||216,23|D|0||PAGTO ELETRONICO TRIBUTO INTERNET --PMSP SP - ISS||
|I250|11102010002||216,23|C|0||PAGTO ELETRONICO TRIBUTO INTERNET --PMSP SP - ISS||
|I200|750|05072024|662,46|N||
|I250|42103010020||662,46|D|0||PAGTO ELETRONICO TRIBUTO INTERNET --PMSP SP - ISS||
|I250|11102010002||662,46|C|0||PAGTO ELETRONICO TRIBUTO INTERNET --PMSP SP - ISS||
|I200|751|05072024|2213,29|N||
|I250|42101020001||2213,29|D|0||PAGTO ELETRONICO TRIBUTO INTERNET --DOC.ARREC.DO ESOC - Esocial||
|I250|11102010002||2213,29|C|0||PAGTO ELETRONICO TRIBUTO INTERNET --DOC.ARREC.DO ESOC - Esocial||
|I200|752|08072024|8000|N||
|I250|11102010002||8000|D|0||TED-TRANSF ELET DISPON REMET.PAULO J M SILVEIRA - Locaēćo Bertioga||
|I250|31101010001||8000|C|0||TED-TRANSF ELET DISPON REMET.PAULO J M SILVEIRA - Locaēćo Bertioga||
|I200|753|08072024|9|N||
|I250|42301010005||9|D|0||TARIFA BANCARIA TRANSF PGTO PIX - Despesas Bancįrias||
|I250|11102010002||9|C|0||TARIFA BANCARIA TRANSF PGTO PIX - Despesas Bancįrias||
|I200|754|08072024|9|N||
|I250|42301010005||9|D|0||TARIFA BANCARIA TRANSF PGTO PIX - Despesas Bancįrias||
|I250|11102010002||9|C|0||TARIFA BANCARIA TRANSF PGTO PIX - Despesas Bancįrias||
|I200|755|08072024|7982|N||
|I250|11104030002||7982|D|0||APLIC.INVEST FACIL - Aplic/Resgate||
|I250|11102010002||7982|C|0||APLIC.INVEST FACIL - Aplic/Resgate||
|I200|756|10072024|908,23|N||
|I250|11102010002||908,23|D|0||RESGATE INVEST FACIL - Aplic/Resgate||
|I250|11104030002||908,23|C|0||RESGATE INVEST FACIL - Aplic/Resgate||
|I200|757|10072024|7396,68|N||
|I250|11102010002||7396,68|D|0||TRANSFERENCIA PIX REM: CLASSIC GESTAO ADMINI 10/07 - Locaēćo Ctba||
|I250|31101010001||7396,68|C|0||TRANSFERENCIA PIX REM: CLASSIC GESTAO ADMINI 10/07 - Locaēćo Ctba||
|I200|758|10072024|0,41|N||
|I250|11102010002||0,41|D|0||RENTAB.INVEST FACILCRED* - Aplic/Resgate||
|I250|11104030002||0,41|C|0||RENTAB.INVEST FACILCRED* - Aplic/Resgate||
|I200|759|10072024|2507,32|N||
|I250|31101020002||2507,32|D|0||PAGTO ELETRON COBRANCA COND 32 100724 - Condominio||
|I250|11102010002||2507,32|C|0||PAGTO ELETRON COBRANCA COND 32 100724 - Condominio||
|I200|760|10072024|2507,32|N||
|I250|31101020002||2507,32|D|0||PAGTO ELETRON COBRANCA COND 33 100724 - Condominio||
|I250|11102010002||2507,32|C|0||PAGTO ELETRON COBRANCA COND 33 100724 - Condominio||
|I200|761|10072024|285|N||
|I250|42103010004||285|D|0||PAGTO ELETRON COBRANCA CONTRIBUICAO ASSISTENCIAL - Associaēões de Classe||
|I250|11102010002||285|C|0||PAGTO ELETRON COBRANCA CONTRIBUICAO ASSISTENCIAL - Associaēões de Classe||
|I200|762|10072024|1160,51|N||
|I250|42101020001||1160,51|D|0||PAGTO ELETRONICO TRIBUTO INTERNET --DOC.ARREC.DO ESOCIAL - Esocial||
|I250|11102010002||1160,51|C|0||PAGTO ELETRONICO TRIBUTO INTERNET --DOC.ARREC.DO ESOCIAL - Esocial||
|I200|763|10072024|906,86|N||
|I250|42101020001||906,86|D|0||PAGTO ELETRONICO TRIBUTO INTERNET --DOC.ARREC.DO ESOCIAL - Esocial||
|I250|11102010002||906,86|C|0||PAGTO ELETRONICO TRIBUTO INTERNET --DOC.ARREC.DO ESOCIAL - Esocial||
|I200|764|10072024|892,31|N||
|I250|42101020001||892,31|D|0||PAGTO ELETRONICO TRIBUTO INTERNET --DOC.ARREC.DO ESOC - Esocial||
|I250|11102010002||892,31|C|0||PAGTO ELETRONICO TRIBUTO INTERNET --DOC.ARREC.DO ESOC - Esocial||
|I200|765|10072024|46|N||
|I250|42301010005||46|D|0||CARTAO CREDITO ANUIDADE - Despesas Bancįrias||
|I250|11102010002||46|C|0||CARTAO CREDITO ANUIDADE - Despesas Bancįrias||
|I200|766|11072024|1386,86|N||
|I250|11102010002||1386,86|D|0||RESGATE INVEST FACIL - Aplic/Resgate||
|I250|11104030002||1386,86|C|0||RESGATE INVEST FACIL - Aplic/Resgate||
|I200|767|11072024|0,66|N||
|I250|11102010002||0,66|D|0||RENTAB.INVEST FACILCRED* - Aplic/Resgate||
|I250|11104030002||0,66|C|0||RENTAB.INVEST FACILCRED* - Aplic/Resgate||
|I200|768|11072024|1137,52|N||
|I250|12301010010||1137,52|D|0||PAGTO ELETRON COBRANCA OBRA GJ LAMPADAS E CUBA 110724 - Obra Guarujį||
|I250|11102010002||1137,52|C|0||PAGTO ELETRON COBRANCA OBRA GJ LAMPADAS E CUBA 110724 - Obra Guarujį||
|I200|769|11072024|250|N||
|I250|31101020003||250|D|0||TRANSFERENCIA PIX DES: Antonio Francisco Fur 11/07 - Manutenēćo Cotia||
|I250|11102010002||250|C|0||TRANSFERENCIA PIX DES: Antonio Francisco Fur 11/07 - Manutenēćo Cotia||
|I200|770|12072024|27865,35|N||
|I250|31101020003||27865,35|D|0||DEB. CAMBIOSST....328003-Despesa Manutenēćo Las Piedras||
|I250|11101010001||27865,35|C|0||DEB. CAMBIOSST....328003-Despesa Manutenēćo Las Piedras||
|I200|771|12072024|123,85|N||
|I250|31101020003||123,85|D|0||DEB. CAMBIOSST....328003-Despesa Manutenēćo Las Piedras||
|I250|11101010001||123,85|C|0||DEB. CAMBIOSST....328003-Despesa Manutenēćo Las Piedras||
|I200|772|15072024|1739,07|N||
|I250|11102010002||1739,07|D|0||RESGATE INVEST FACIL - Aplic/Resgate||
|I250|11104030002||1739,07|C|0||RESGATE INVEST FACIL - Aplic/Resgate||
|I200|773|15072024|4789,14|N||
|I250|11102010002||4789,14|D|0||RESGATE INVEST FACIL - Aplic/Resgate||
|I250|11104030002||4789,14|C|0||RESGATE INVEST FACIL - Aplic/Resgate||
|I200|774|15072024|2958,36|N||
|I250|11102010002||2958,36|D|0||RESGATE INVEST FACIL - Aplic/Resgate||
|I250|11104030002||2958,36|C|0||RESGATE INVEST FACIL - Aplic/Resgate||
|I200|775|15072024|3465,54|N||
|I250|11102010002||3465,54|D|0||RESGATE INVEST FACIL - Aplic/Resgate||
|I250|11104030002||3465,54|C|0||RESGATE INVEST FACIL - Aplic/Resgate||
|I200|776|15072024|0,87|N||
|I250|11102010002||0,87|D|0||RENTAB.INVEST FACILCRED* - Aplic/Resgate||
|I250|11104030002||0,87|C|0||RENTAB.INVEST FACILCRED* - Aplic/Resgate||
|I200|777|15072024|1,04|N||
|I250|11102010002||1,04|D|0||RENTAB.INVEST FACILCRED* - Aplic/Resgate||
|I250|11104030002||1,04|C|0||RENTAB.INVEST FACILCRED* - Aplic/Resgate||
|I200|778|15072024|1,18|N||
|I250|11102010002||1,18|D|0||RENTAB.INVEST FACILCRED* - Aplic/Resgate||
|I250|11104030002||1,18|C|0||RENTAB.INVEST FACILCRED* - Aplic/Resgate||
|I200|779|15072024|1,32|N||
|I250|11102010002||1,32|D|0||RENTAB.INVEST FACILCRED* - Aplic/Resgate||
|I250|11104030002||1,32|C|0||RENTAB.INVEST FACILCRED* - Aplic/Resgate||
|I200|780|15072024|12690,3|N||
|I250|12301010010||12690,3|D|0||PAGTO ELETRON COBRANCA OBRA GJ NF 300 - Obra Guarujį||
|I250|11102010002||12690,3|C|0||PAGTO ELETRON COBRANCA OBRA GJ NF 300 - Obra Guarujį||
|I200|781|15072024|106,62|N||
|I250|12301010010||106,62|D|0||PAGTO ELETRON COBRANCA OBRA GJ LAMPADAS 150724 - Obra Guarujį||
|I250|11102010002||106,62|C|0||PAGTO ELETRON COBRANCA OBRA GJ LAMPADAS 150724 - Obra Guarujį||
|I200|782|15072024|156,1|N||
|I250|42301010005||156,1|D|0||TARIFA BANCARIA Max Empresarial 1 - Despesas Bancįrias||
|I250|11102010002||156,1|C|0||TARIFA BANCARIA Max Empresarial 1 - Despesas Bancįrias||
|I200|783|15072024|3,5|N||
|I250|42301010005||3,5|D|0||TARIFA BANCARIA TRANSF PGTO PIX - Despesas Bancįrias||
|I250|11102010002||3,5|C|0||TARIFA BANCARIA TRANSF PGTO PIX - Despesas Bancįrias||
|I200|784|16072024|21673,05|N||
|I250|31101020003||21673,05|D|0||DEB. CAMBIOSST....376409-Despesa Manutenēćo Las Piedras||
|I250|11101010001||21673,05|C|0||DEB. CAMBIOSST....376409-Despesa Manutenēćo Las Piedras||
|I200|785|16072024|123,85|N||
|I250|31101020003||123,85|D|0||DEB. CAMBIOSST....376409-Despesa Manutenēćo Las Piedras||
|I250|11101010001||123,85|C|0||DEB. CAMBIOSST....376409-Despesa Manutenēćo Las Piedras||
|I200|786|16072024|774,04|N||
|I250|31101020003||774,04|D|0||TRASPASO A 2209481ILINK-Despesa Manutenēćo Las Piedras||
|I250|11101010001||774,04|C|0||TRASPASO A 2209481ILINK-Despesa Manutenēćo Las Piedras||
|I200|787|17072024|574,55|N||
|I250|11102010002||574,55|D|0||RESGATE INVEST FACIL - Aplic/Resgate||
|I250|11104030002||574,55|C|0||RESGATE INVEST FACIL - Aplic/Resgate||
|I200|788|17072024|0,15|N||
|I250|11102010002||0,15|D|0||RENTAB.INVEST FACILCRED* - Aplic/Resgate||
|I250|11104030002||0,15|C|0||RENTAB.INVEST FACILCRED* - Aplic/Resgate||
|I200|789|17072024|107,6|N||
|I250|42103010013||107,6|D|0||PAGTO ELETRON COBRANCA ELEKTRO 8561 JRS 170724 - Energia Elétrica||
|I250|11102010002||107,6|C|0||PAGTO ELETRON COBRANCA ELEKTRO 8561 JRS 170724 - Energia Elétrica||
|I200|790|17072024|250|N||
|I250|31101020003||250|D|0||TRANSFERENCIA PIX DES: Antonio Francisco Fur 17/07 - Manutenēćo Cotia||
|I250|11102010002||250|C|0||TRANSFERENCIA PIX DES: Antonio Francisco Fur 17/07 - Manutenēćo Cotia||
|I200|791|17072024|217,1|N||
|I250|42103010035||217,1|D|0||CONTA DE TELEFONE INTERNET --TELEFONICA BRASIL S/ - Telefonia e Dados||
|I250|11102010002||217,1|C|0||CONTA DE TELEFONE INTERNET --TELEFONICA BRASIL S/ - Telefonia e Dados||
|I200|792|18072024|4740,42|N||
|I250|11102010002||4740,42|D|0||RESGATE INVEST FACIL - Aplic/Resgate||
|I250|11104030002||4740,42|C|0||RESGATE INVEST FACIL - Aplic/Resgate||
|I200|793|18072024|1,36|N||
|I250|11102010002||1,36|D|0||RENTAB.INVEST FACILCRED* - Aplic/Resgate||
|I250|11104030002||1,36|C|0||RENTAB.INVEST FACILCRED* - Aplic/Resgate||
|I200|794|18072024|1162,41|N||
|I250|31101020003||1162,41|D|0||PAGTO ELETRON COBRANCA CONVENIO EVA 200724 - Manutenēćo e Conservaēćo||
|I250|11102010002||1162,41|C|0||PAGTO ELETRON COBRANCA CONVENIO EVA 200724 - Manutenēćo e Conservaēćo||
|I200|795|18072024|1922,4|N||
|I250|12301010010||1922,4|D|0||PAGTO ELETRON COBRANCA OBRA GJ LAMPADAS 180724 - Obra Guarujį||
|I250|11102010002||1922,4|C|0||PAGTO ELETRON COBRANCA OBRA GJ LAMPADAS 180724 - Obra Guarujį||
|I200|796|18072024|1656,97|N||
|I250|31101020003||1656,97|D|0||PAGTO ELETRON COBRANCA CONVENIO CARLOS 200724 - Manutenēćo e Conservaēćo||
|I250|11102010002||1656,97|C|0||PAGTO ELETRON COBRANCA CONVENIO CARLOS 200724 - Manutenēćo e Conservaēćo||
|I200|797|19072024|19000|N||
|I250|11102010002||19000|D|0||TRANSFERENCIA PIX REM: NOVA RUBILIA INSTITUI 19/07 - Locaēćo Landmark||
|I250|31101010001||19000|C|0||TRANSFERENCIA PIX REM: NOVA RUBILIA INSTITUI 19/07 - Locaēćo Landmark||
|I200|798|19072024|3,5|N||
|I250|42301010005||3,5|D|0||TARIFA BANCARIA TRANSF PGTO PIX - Despesas Bancįrias||
|I250|11102010002||3,5|C|0||TARIFA BANCARIA TRANSF PGTO PIX - Despesas Bancįrias||
|I200|799|19072024|18996,5|N||
|I250|11104030002||18996,5|D|0||APLIC.INVEST FACIL - Aplic/Resgate||
|I250|11102010002||18996,5|C|0||APLIC.INVEST FACIL - Aplic/Resgate||
|I200|800|22072024|18416,47|N||
|I250|11102010002||18416,47|D|0||RESGATE INVEST FACIL - Aplic/Resgate||
|I250|11104030002||18416,47|C|0||RESGATE INVEST FACIL - Aplic/Resgate||
|I200|801|22072024|355,96|N||
|I250|11102010002||355,96|D|0||RESGATE INVEST FACIL - Aplic/Resgate||
|I250|11104030002||355,96|C|0||RESGATE INVEST FACIL - Aplic/Resgate||
|I200|802|22072024|2,94|N||
|I250|11102010002||2,94|D|0||RENTAB.INVEST FACILCRED* - Aplic/Resgate||
|I250|11104030002||2,94|C|0||RENTAB.INVEST FACILCRED* - Aplic/Resgate||
|I200|803|22072024|0,12|N||
|I250|11102010002||0,12|D|0||RENTAB.INVEST FACILCRED* - Aplic/Resgate||
|I250|11104030002||0,12|C|0||RENTAB.INVEST FACILCRED* - Aplic/Resgate||
|I200|804|22072024|11308,71|N||
|I250|31101020002||11308,71|D|0||PAGTO ELETRON COBRANCA COND SASIP 220724 - Condominio||
|I250|11102010002||11308,71|C|0||PAGTO ELETRON COBRANCA COND SASIP 220724 - Condominio||
|I200|805|22072024|321,14|N||
|I250|42103010001||321,14|D|0||PAGTO ELETRON COBRANCA VIRTUAL OFFICE 220724 - Aluguel||
|I250|11102010002||321,14|C|0||PAGTO ELETRON COBRANCA VIRTUAL OFFICE 220724 - Aluguel||
|I200|806|22072024|1088,06|N||
|I250|42103010004||1088,06|D|0||PAGTO ELETRON COBRANCA CORECON UNIVERSPORTS - Associaēões de Classe||
|I250|11102010002||1088,06|C|0||PAGTO ELETRON COBRANCA CORECON UNIVERSPORTS - Associaēões de Classe||
|I200|807|22072024|377,58|N||
|I250|42103010038||377,58|D|0||PAGTO ELETRONICO TRIBUTO INTERNET --SP/SEFAZ-DARE - Veķculos||
|I250|11102010002||377,58|C|0||PAGTO ELETRONICO TRIBUTO INTERNET --SP/SEFAZ-DARE - Veķculos||
|I200|808|22072024|5000|N||
|I250|22101030018||5000|D|0||TRANSF CC PARA CC PJ KIPSTONE SERVICOS E TECNOL - Mśtuo KPL||
|I250|11102010002||5000|C|0||TRANSF CC PARA CC PJ KIPSTONE SERVICOS E TECNOL - Mśtuo KPL||
|I200|809|22072024|680|N||
|I250|12301010010||680|D|0||TRANSFERENCIA PIX DES: ADRIANO ALVES FERREIR 22/07 - Obra Guarujį||
|I250|11102010002||680|C|0||TRANSFERENCIA PIX DES: ADRIANO ALVES FERREIR 22/07 - Obra Guarujį||
|I200|810|23072024|2799,5|N||
|I250|11102010002||2799,5|D|0||RESGATE INVEST FACIL - Aplic/Resgate||
|I250|11104030002||2799,5|C|0||RESGATE INVEST FACIL - Aplic/Resgate||
|I200|811|23072024|0,5|N||
|I250|11102010002||0,5|D|0||RENTAB.INVEST FACILCRED* - Aplic/Resgate||
|I250|11104030002||0,5|C|0||RENTAB.INVEST FACILCRED* - Aplic/Resgate||
|I200|812|23072024|2800|N||
|I250|31101020003||2800|D|0||TRANSFERENCIA PIX DES: LUIZ EDUARDO RODRIGUE 23/07 - Manutenēćo e Conservaēćo||
|I250|11102010002||2800|C|0||TRANSFERENCIA PIX DES: LUIZ EDUARDO RODRIGUE 23/07 - Manutenēćo e Conservaēćo||
|I200|813|24072024|7948,42|N||
|I250|11102010002||7948,42|D|0||RESGATE INVEST FACIL - Aplic/Resgate||
|I250|11104030002||7948,42|C|0||RESGATE INVEST FACIL - Aplic/Resgate||
|I200|814|24072024|1,58|N||
|I250|11102010002||1,58|D|0||RENTAB.INVEST FACILCRED* - Aplic/Resgate||
|I250|11104030002||1,58|C|0||RENTAB.INVEST FACILCRED* - Aplic/Resgate||
|I200|815|24072024|3450|N||
|I250|12301010010||3450|D|0||TRANSFERENCIA PIX DES: ADELIANO AZEVEDO SANT 24/07 - Obra Guarujį||
|I250|11102010002||3450|C|0||TRANSFERENCIA PIX DES: ADELIANO AZEVEDO SANT 24/07 - Obra Guarujį||
|I200|816|24072024|4500|N||
|I250|31101020003||4500|D|0||TRANSFERENCIA PIX DES: LUIZ CARLOS DA SILVA 24/07 - Manutenēćo e Conservaēćo||
|I250|11102010002||4500|C|0||TRANSFERENCIA PIX DES: LUIZ CARLOS DA SILVA 24/07 - Manutenēćo e Conservaēćo||
|I200|817|25072024|12279,63|N||
|I250|11102010002||12279,63|D|0||RESGATE INVEST FACIL - Aplic/Resgate||
|I250|11104030002||12279,63|C|0||RESGATE INVEST FACIL - Aplic/Resgate||
|I200|818|25072024|2,69|N||
|I250|11102010002||2,69|D|0||RENTAB.INVEST FACILCRED* - Aplic/Resgate||
|I250|11104030002||2,69|C|0||RENTAB.INVEST FACILCRED* - Aplic/Resgate||
|I200|819|25072024|1210,89|N||
|I250|12301010010||1210,89|D|0||PAGTO ELETRON COBRANCA OBRA GJ NF 420 - Obra Guarujį||
|I250|11102010002||1210,89|C|0||PAGTO ELETRON COBRANCA OBRA GJ NF 420 - Obra Guarujį||
|I200|820|25072024|1243,59|N||
|I250|12301010010||1243,59|D|0||PAGTO ELETRON COBRANCA MERCADO LIVRE CAMPOS - Obra Guarujį||
|I250|11102010002||1243,59|C|0||PAGTO ELETRON COBRANCA MERCADO LIVRE CAMPOS - Obra Guarujį||
|I200|821|25072024|129,96|N||
|I250|12301010010||129,96|D|0||PAGTO ELETRON COBRANCA MERCADO LIVRE CAMPOS 240724 - Obra Guarujį||
|I250|11102010002||129,96|C|0||PAGTO ELETRON COBRANCA MERCADO LIVRE CAMPOS 240724 - Obra Guarujį||
|I200|822|25072024|9|N||
|I250|42301010005||9|D|0||TARIFA BANCARIA TRANSF PGTO PIX - Despesas Bancįrias||
|I250|11102010002||9|C|0||TARIFA BANCARIA TRANSF PGTO PIX - Despesas Bancįrias||
|I200|823|25072024|9|N||
|I250|42301010005||9|D|0||TARIFA BANCARIA TRANSF PGTO PIX - Despesas Bancįrias||
|I250|11102010002||9|C|0||TARIFA BANCARIA TRANSF PGTO PIX - Despesas Bancįrias||
|I200|824|25072024|9000|N||
|I250|12301010010||9000|D|0||TRANSFERENCIA PIX DES: GUSTAVO S DO NASCIMEN 25/07 - Obra Guarujį||
|I250|11102010002||9000|C|0||TRANSFERENCIA PIX DES: GUSTAVO S DO NASCIMEN 25/07 - Obra Guarujį||
|I200|825|25072024|679,88|N||
|I250|31101020003||679,88|D|0||TRANSFERENCIA PIX DES: Antonio Francisco Fur 25/07 - Manutenēćo Cotia||
|I250|11102010002||679,88|C|0||TRANSFERENCIA PIX DES: Antonio Francisco Fur 25/07 - Manutenēćo Cotia||
|I200|826|26072024|35887,7|N||
|I250|11102010002||35887,7|D|0||RESGATE INVEST FACIL - Aplic/Resgate||
|I250|11104030002||35887,7|C|0||RESGATE INVEST FACIL - Aplic/Resgate||
|I200|827|26072024|2025,13|N||
|I250|11102010002||2025,13|D|0||RESGATE INVEST FACIL - Aplic/Resgate||
|I250|11104030002||2025,13|C|0||RESGATE INVEST FACIL - Aplic/Resgate||
|I200|828|26072024|7982|N||
|I250|11102010002||7982|D|0||RESGATE INVEST FACIL - Aplic/Resgate||
|I250|11104030002||7982|C|0||RESGATE INVEST FACIL - Aplic/Resgate||
|I200|829|26072024|8,72|N||
|I250|11102010002||8,72|D|0||RENTAB.INVEST FACILCRED* - Aplic/Resgate||
|I250|11104030002||8,72|C|0||RENTAB.INVEST FACILCRED* - Aplic/Resgate||
|I200|830|26072024|0,04|N||
|I250|11102010002||0,04|D|0||RENTAB.INVEST FACILCRED* - Aplic/Resgate||
|I250|11104030002||0,04|C|0||RENTAB.INVEST FACILCRED* - Aplic/Resgate||
|I200|831|26072024|1,03|N||
|I250|11102010002||1,03|D|0||RENTAB.INVEST FACILCRED* - Aplic/Resgate||
|I250|11104030002||1,03|C|0||RENTAB.INVEST FACILCRED* - Aplic/Resgate||
|I200|832|26072024|9|N||
|I250|42301010005||9|D|0||TARIFA BANCARIA TRANSF PGTO PIX - Despesas Bancįrias||
|I250|11102010002||9|C|0||TARIFA BANCARIA TRANSF PGTO PIX - Despesas Bancįrias||
|I200|833|26072024|9|N||
|I250|42301010005||9|D|0||TARIFA BANCARIA TRANSF PGTO PIX - Despesas Bancįrias||
|I250|11102010002||9|C|0||TARIFA BANCARIA TRANSF PGTO PIX - Despesas Bancįrias||
|I200|834|26072024|886,62|N||
|I250|42101020001||886,62|D|0||PAGTO ELETRONICO TRIBUTO INTERNET --DOC.ARREC.DO ESOC - Esocial||
|I250|11102010002||886,62|C|0||PAGTO ELETRONICO TRIBUTO INTERNET --DOC.ARREC.DO ESOC - Esocial||
|I200|835|26072024|45000|N||
|I250|22101030021||45000|D|0||TRANSFERENCIA PIX DES: José Rozinei da Silva 26/07 - Mśtuo Nei||
|I250|11102010002||45000|C|0||TRANSFERENCIA PIX DES: José Rozinei da Silva 26/07 - Mśtuo Nei||
|I200|836|29072024|514,98|N||
|I250|11102010002||514,98|D|0||RESGATE INVEST FACIL - Aplic/Resgate||
|I250|11104030002||514,98|C|0||RESGATE INVEST FACIL - Aplic/Resgate||
|I200|837|29072024|0,03|N||
|I250|11102010002||0,03|D|0||RENTAB.INVEST FACILCRED* - Aplic/Resgate||
|I250|11104030002||0,03|C|0||RENTAB.INVEST FACILCRED* - Aplic/Resgate||
|I200|838|29072024|180|N||
|I250|12301010010||180|D|0||PAGTO ELETRON COBRANCA OBRA GJ LED 290724 - Obra Guarujį||
|I250|11102010002||180|C|0||PAGTO ELETRON COBRANCA OBRA GJ LED 290724 - Obra Guarujį||
|I200|839|29072024|9|N||
|I250|42301010005||9|D|0||TARIFA BANCARIA TRANSF PGTO PIX - Despesas Bancįrias||
|I250|11102010002||9|C|0||TARIFA BANCARIA TRANSF PGTO PIX - Despesas Bancįrias||
|I200|840|29072024|9|N||
|I250|42301010005||9|D|0||TARIFA BANCARIA TRANSF PGTO PIX - Despesas Bancįrias||
|I250|11102010002||9|C|0||TARIFA BANCARIA TRANSF PGTO PIX - Despesas Bancįrias||
|I200|841|29072024|317|N||
|I250|12301010010||317|D|0||TRANSFERENCIA PIX DES: MADEREIRA PORTAL KITL 29/07 - Obra Guarujį||
|I250|11102010002||317|C|0||TRANSFERENCIA PIX DES: MADEREIRA PORTAL KITL 29/07 - Obra Guarujį||
|I200|842|30072024|10|N||
|I250|11102010002||10|D|0||RESGATE INVEST FACIL - Aplic/Resgate||
|I250|11104030002||10|C|0||RESGATE INVEST FACIL - Aplic/Resgate||
|I200|843|30072024|9|N||
|I250|42301010005||9|D|0||TARIFA BANCARIA TRANSF PGTO PIX - Despesas Bancįrias||
|I250|11102010002||9|C|0||TARIFA BANCARIA TRANSF PGTO PIX - Despesas Bancįrias||
|I200|844|31072024|130000|N||
|I250|11102010002||130000|D|0||TRANSF CC PARA CC PJ KIPSTONE SERVICOS E TECNOLOGIA L - Mśtuo KPL||
|I250|22101030018||130000|C|0||TRANSF CC PARA CC PJ KIPSTONE SERVICOS E TECNOLOGIA L - Mśtuo KPL||
|I200|845|31072024|4,43|N||
|I250|42301010005||4,43|D|0||TARIFA BANCARIA TRANSF PGTO PIX - Despesas Bancįrias||
|I250|11102010002||4,43|C|0||TARIFA BANCARIA TRANSF PGTO PIX - Despesas Bancįrias||
|I200|846|31072024|129996,58|N||
|I250|11104030002||129996,58|D|0||APLIC.INVEST FACIL - Aplic/Resgate||
|I250|11102010002||129996,58|C|0||APLIC.INVEST FACIL - Aplic/Resgate||
|I200|847|31072024|123,85|N||
|I250|31101020003||123,85|D|0||GASTOS MAN.RELACION-Despesa Manutenēćo Las Piedras||
|I250|11101010001||123,85|C|0||GASTOS MAN.RELACION-Despesa Manutenēćo Las Piedras||
|I200|848|01082024|16446,39|N||
|I250|11102010002||16446,39|D|0||RESGATE INVEST FACIL - Aplic/Resgate||
|I250|11104030002||16446,39|C|0||RESGATE INVEST FACIL - Aplic/Resgate||
|I200|849|01082024|62381,78|N||
|I250|11102010002||62381,78|D|0||RESGATE INVEST FACIL - Aplic/Resgate||
|I250|11104030002||62381,78|C|0||RESGATE INVEST FACIL - Aplic/Resgate||
|I200|850|01082024|1|N||
|I250|11102010002||1|D|0||RENTAB.INVEST FACILCRED* - Aplic/Resgate||
|I250|11104030002||1|C|0||RENTAB.INVEST FACILCRED* - Aplic/Resgate||
|I200|851|01082024|0,04|N||
|I250|11102010002||0,04|D|0||RENTAB.INVEST FACILCRED* - Aplic/Resgate||
|I250|11104030002||0,04|C|0||RENTAB.INVEST FACILCRED* - Aplic/Resgate||
|I200|852|01082024|1775,46|N||
|I250|31101020002||1775,46|D|0||PAGTO ELETRON COBRANCA MARE 88 - Condominio||
|I250|11102010002||1775,46|C|0||PAGTO ELETRON COBRANCA MARE 88 - Condominio||
|I200|853|01082024|1775,46|N||
|I250|31101020002||1775,46|D|0||PAGTO ELETRON COBRANCA MARE 92 - Condominio||
|I250|11102010002||1775,46|C|0||PAGTO ELETRON COBRANCA MARE 92 - Condominio||
|I200|854|01082024|1775,46|N||
|I250|31101020002||1775,46|D|0||PAGTO ELETRON COBRANCA MARE 62 - Condominio||
|I250|11102010002||1775,46|C|0||PAGTO ELETRON COBRANCA MARE 62 - Condominio||
|I200|855|01082024|160,89|N||
|I250|42103010033||160,89|D|0||PAGTO ELETRON COBRANCA ALARME CAMPOS 010824 - Seguranēa||
|I250|11102010002||160,89|C|0||PAGTO ELETRON COBRANCA ALARME CAMPOS 010824 - Seguranēa||
|I200|856|01082024|14838,89|N||
|I250|42101010006||14838,89|D|0||PAGTO ELETRON COBRANCA CONV NEI - Assistźncia Médica||
|I250|11102010002||14838,89|C|0||PAGTO ELETRON COBRANCA CONV NEI - Assistźncia Médica||
|I200|857|01082024|28510,85|N||
|I250|42101010006||28510,85|D|0||PAGTO ELETRON COBRANCA CONV CLAUDIA - Assistźncia Médica||
|I250|11102010002||28510,85|C|0||PAGTO ELETRON COBRANCA CONV CLAUDIA - Assistźncia Médica||
|I200|858|01082024|111,63|N||
|I250|42103010013||111,63|D|0||PAGTO ELETRON COBRANCA ELEKTRO JRS 8561 - Energia Elétrica||
|I250|11102010002||111,63|C|0||PAGTO ELETRON COBRANCA ELEKTRO JRS 8561 - Energia Elétrica||
|I200|859|01082024|102,1|N||
|I250|42103010013||102,1|D|0||PAGTO ELETRON COBRANCA ELEKTRO 4973 - Energia Elétrica||
|I250|11102010002||102,1|C|0||PAGTO ELETRON COBRANCA ELEKTRO 4973 - Energia Elétrica||
|I200|860|01082024|543,7|N||
|I250|31101020003||543,7|D|0||PAGTO ELETRON COBRANCA R C F M P CONSTRUCAO - Manutenēćo e Conservaēćo||
|I250|11102010002||543,7|C|0||PAGTO ELETRON COBRANCA R C F M P CONSTRUCAO - Manutenēćo e Conservaēćo||
|I200|861|01082024|113,43|N||
|I250|42103010013||113,43|D|0||PAGTO ELETRON COBRANCA ELEKTRO 2504 - Energia Elétrica||
|I250|11102010002||113,43|C|0||PAGTO ELETRON COBRANCA ELEKTRO 2504 - Energia Elétrica||
|I200|862|01082024|961,02|N||
|I250|31101020002||961,02|D|0||PAGTO ELETRON COBRANCA COND CAMPOS - Condominio||
|I250|11102010002||961,02|C|0||PAGTO ELETRON COBRANCA COND CAMPOS - Condominio||
|I200|863|01082024|5692,07|N||
|I250|31101020002||5692,07|D|0||PAGTO ELETRON COBRANCA COND PALAIS ROYAL - Condominio||
|I250|11102010002||5692,07|C|0||PAGTO ELETRON COBRANCA COND PALAIS ROYAL - Condominio||
|I200|864|01082024|2213,29|N||
|I250|42101020001||2213,29|D|0||PAGTO ELETRONICO TRIBUTO INTERNET --DOC.ARREC.DO ESOC - Esocial||
|I250|11102010002||2213,29|C|0||PAGTO ELETRONICO TRIBUTO INTERNET --DOC.ARREC.DO ESOC - Esocial||
|I200|865|01082024|2500|N||
|I250|42103010040||2500|D|0||TRANSF CC PARA CC PJ AZITA MARIA DA SILVERIO - Ajuda de Custo||
|I250|11102010002||2500|C|0||TRANSF CC PARA CC PJ AZITA MARIA DA SILVERIO - Ajuda de Custo||
|I200|866|01082024|550|N||
|I250|31101020003||550|D|0||TRANSFERENCIA PIX DES: Antonio Francisco Fur 01/08 - Manutenēćo Cotia||
|I250|11102010002||550|C|0||TRANSFERENCIA PIX DES: Antonio Francisco Fur 01/08 - Manutenēćo Cotia||
|I200|867|01082024|2000|N||
|I250|31101020003||2000|D|0||TRANSFERENCIA PIX DES: LUIZ CARLOS DA SILVA 01/08 - Manutenēćo e Conservaēćo||
|I250|11102010002||2000|C|0||TRANSFERENCIA PIX DES: LUIZ CARLOS DA SILVA 01/08 - Manutenēćo e Conservaēćo||
|I200|868|01082024|1980|N||
|I250|31101020003||1980|D|0||TRANSFERENCIA PIX DES: CARLOS ROBERTO DE OLI 01/08 - Manutenēćo e Conservaēćo||
|I250|11102010002||1980|C|0||TRANSFERENCIA PIX DES: CARLOS ROBERTO DE OLI 01/08 - Manutenēćo e Conservaēćo||
|I200|869|01082024|1928|N||
|I250|31101020003||1928|D|0||TRANSFERENCIA PIX DES: Eva Koch Santos    01/08 - Manutenēćo e Conservaēćo||
|I250|11102010002||1928|C|0||TRANSFERENCIA PIX DES: Eva Koch Santos    01/08 - Manutenēćo e Conservaēćo||
|I200|870|01082024|3494|N||
|I250|31101020003||3494|D|0||TRANSFERENCIA PIX DES: MARIA CRISTINA RAYMUN 01/08 - Manutenēćo e Conservaēćo||
|I250|11102010002||3494|C|0||TRANSFERENCIA PIX DES: MARIA CRISTINA RAYMUN 01/08 - Manutenēćo e Conservaēćo||
|I200|871|01082024|2800|N||
|I250|42101010006||2800|D|0||TRANSFERENCIA PIX DES: Andrea Mara Pinheiro 01/08 - Assistźncia Médica||
|I250|11102010002||2800|C|0||TRANSFERENCIA PIX DES: Andrea Mara Pinheiro 01/08 - Assistźncia Médica||
|I200|872|01082024|3200|N||
|I250|31101020003||3200|D|0||TRANSFERENCIA PIX DES: Douglas Rogério Vilas 01/08 - Manutenēćo CJ||
|I250|11102010002||3200|C|0||TRANSFERENCIA PIX DES: Douglas Rogério Vilas 01/08 - Manutenēćo CJ||
|I200|873|01082024|1650|N||
|I250|12301010010||1650|D|0||TRANSFERENCIA PIX DES: JOYCE MARION ZORGDRAG 01/08 - Obra Guarujį||
|I250|11102010002||1650|C|0||TRANSFERENCIA PIX DES: JOYCE MARION ZORGDRAG 01/08 - Obra Guarujį||
|I200|874|01082024|152,96|N||
|I250|42103010013||152,96|D|0||CONTA DE LUZ INTERNET --ENEL DISTRIBUICAO - Energia Elétrica||
|I250|11102010002||152,96|C|0||CONTA DE LUZ INTERNET --ENEL DISTRIBUICAO - Energia Elétrica||
|I200|875|01082024|18576,9|N||
|I250|31101020003||18576,9|D|0||DEB. CAMBIOSST....574896-Despesa Manutenēćo Las Piedras||
|I250|11101010001||18576,9|C|0||DEB. CAMBIOSST....574896-Despesa Manutenēćo Las Piedras||
|I200|876|01082024|123,85|N||
|I250|31101020003||123,85|D|0||DEB. CAMBIOSST....574896-Despesa Manutenēćo Las Piedras||
|I250|11101010001||123,85|C|0||DEB. CAMBIOSST....574896-Despesa Manutenēćo Las Piedras||
|I200|877|02082024|3099,99|N||
|I250|11102010002||3099,99|D|0||RESGATE INVEST FACIL - Aplic/Resgate||
|I250|11104030002||3099,99|C|0||RESGATE INVEST FACIL - Aplic/Resgate||
|I200|878|02082024|0,01|N||
|I250|11102010002||0,01|D|0||RENTAB.INVEST FACILCRED* - Aplic/Resgate||
|I250|11104030002||0,01|C|0||RENTAB.INVEST FACILCRED* - Aplic/Resgate||
|I200|879|02082024|300|N||
|I250|31101020003||300|D|0||TRANSFERENCIA PIX DES: Antonio Francisco Fur 02/08 - Manutenēćo Cotia||
|I250|11102010002||300|C|0||TRANSFERENCIA PIX DES: Antonio Francisco Fur 02/08 - Manutenēćo Cotia||
|I200|880|02082024|2800|N||
|I250|12301010010||2800|D|0||TRANSFERENCIA PIX DES: NELSON REIS DE MORAIS 02/08 - Obra Guarujį||
|I250|11102010002||2800|C|0||TRANSFERENCIA PIX DES: NELSON REIS DE MORAIS 02/08 - Obra Guarujį||
|I200|881|05082024|2070,68|N||
|I250|11102010002||2070,68|D|0||RESGATE INVEST FACIL - Aplic/Resgate||
|I250|11104030002||2070,68|C|0||RESGATE INVEST FACIL - Aplic/Resgate||
|I200|882|05082024|0,03|N||
|I250|11102010002||0,03|D|0||RENTAB.INVEST FACILCRED* - Aplic/Resgate||
|I250|11104030002||0,03|C|0||RENTAB.INVEST FACILCRED* - Aplic/Resgate||
|I200|883|05082024|7,7|N||
|I250|42301010005||7,7|D|0||TARIFA BANCARIA TRANSF PGTO PIX - Despesas Bancįrias||
|I250|11102010002||7,7|C|0||TARIFA BANCARIA TRANSF PGTO PIX - Despesas Bancįrias||
|I200|884|05082024|9|N||
|I250|42301010005||9|D|0||TARIFA BANCARIA TRANSF PGTO PIX - Despesas Bancįrias||
|I250|11102010002||9|C|0||TARIFA BANCARIA TRANSF PGTO PIX - Despesas Bancįrias||
|I200|885|05082024|9|N||
|I250|42301010005||9|D|0||TARIFA BANCARIA TRANSF PGTO PIX - Despesas Bancįrias||
|I250|11102010002||9|C|0||TARIFA BANCARIA TRANSF PGTO PIX - Despesas Bancįrias||
|I200|886|05082024|9|N||
|I250|42301010005||9|D|0||TARIFA BANCARIA TRANSF PGTO PIX - Despesas Bancįrias||
|I250|11102010002||9|C|0||TARIFA BANCARIA TRANSF PGTO PIX - Despesas Bancįrias||
|I200|887|05082024|9|N||
|I250|42301010005||9|D|0||TARIFA BANCARIA TRANSF PGTO PIX - Despesas Bancįrias||
|I250|11102010002||9|C|0||TARIFA BANCARIA TRANSF PGTO PIX - Despesas Bancįrias||
|I200|888|05082024|9|N||
|I250|42301010005||9|D|0||TARIFA BANCARIA TRANSF PGTO PIX - Despesas Bancįrias||
|I250|11102010002||9|C|0||TARIFA BANCARIA TRANSF PGTO PIX - Despesas Bancįrias||
|I200|889|05082024|9|N||
|I250|42301010005||9|D|0||TARIFA BANCARIA TRANSF PGTO PIX - Despesas Bancįrias||
|I250|11102010002||9|C|0||TARIFA BANCARIA TRANSF PGTO PIX - Despesas Bancįrias||
|I200|890|05082024|9|N||
|I250|42301010005||9|D|0||TARIFA BANCARIA TRANSF PGTO PIX - Despesas Bancįrias||
|I250|11102010002||9|C|0||TARIFA BANCARIA TRANSF PGTO PIX - Despesas Bancįrias||
|I200|891|05082024|2000|N||
|I250|12301010010||2000|D|0||TRANSFERENCIA PIX DES: MARIO IGNACIO     05/08 - Obra Guarujį||
|I250|11102010002||2000|C|0||TRANSFERENCIA PIX DES: MARIO IGNACIO     05/08 - Obra Guarujį||
|I200|892|06082024|657,68|N||
|I250|11102010002||657,68|D|0||RESGATE INVEST FACIL - Aplic/Resgate||
|I250|11104030002||657,68|C|0||RESGATE INVEST FACIL - Aplic/Resgate||
|I200|893|06082024|0,01|N||
|I250|11102010002||0,01|D|0||RENTAB.INVEST FACILCRED* - Aplic/Resgate||
|I250|11104030002||0,01|C|0||RENTAB.INVEST FACILCRED* - Aplic/Resgate||
|I200|894|06082024|4,2|N||
|I250|42301010005||4,2|D|0||TARIFA BANCARIA TRANSF PGTO PIX - Despesas Bancįrias||
|I250|11102010002||4,2|C|0||TARIFA BANCARIA TRANSF PGTO PIX - Despesas Bancįrias||
|I200|895|06082024|9|N||
|I250|42301010005||9|D|0||TARIFA BANCARIA TRANSF PGTO PIX - Despesas Bancįrias||
|I250|11102010002||9|C|0||TARIFA BANCARIA TRANSF PGTO PIX - Despesas Bancįrias||
|I200|896|06082024|644,5|N||
|I250|31101020003||644,5|D|0||TRANSFERENCIA PIX DES: Antonio Francisco Fur 06/08 - Manutenēćo Cotia||
|I250|11102010002||644,5|C|0||TRANSFERENCIA PIX DES: Antonio Francisco Fur 06/08 - Manutenēćo Cotia||
|I200|897|07082024|12384,6|N||
|I250|31101020003||12384,6|D|0||DEB. CAMBIOSST....696231-Despesa Manutenēćo Las Piedras||
|I250|11101010001||12384,6|C|0||DEB. CAMBIOSST....696231-Despesa Manutenēćo Las Piedras||
|I200|898|07082024|123,85|N||
|I250|31101020003||123,85|D|0||DEB. CAMBIOSST....696231-Despesa Manutenēćo Las Piedras||
|I250|11101010001||123,85|C|0||DEB. CAMBIOSST....696231-Despesa Manutenēćo Las Piedras||
|I200|899|08082024|8000|N||
|I250|11102010002||8000|D|0||TED-TRANSF ELET DISPON REMET.PAULO J M SILVEIRA - Locaēćo Bertioga||
|I250|31101010001||8000|C|0||TED-TRANSF ELET DISPON REMET.PAULO J M SILVEIRA - Locaēćo Bertioga||
|I200|900|08082024|770,11|N||
|I250|42103010013||770,11|D|0||PAGTO ELETRON COBRANCA ELEKTRO 3605 - Energia Elétrica||
|I250|11102010002||770,11|C|0||PAGTO ELETRON COBRANCA ELEKTRO 3605 - Energia Elétrica||
|I200|901|08082024|379,32|N||
|I250|31101020002||379,32|D|0||PAGTO ELETRON COBRANCA COND FLORIPA 080824 - Condominio||
|I250|11102010002||379,32|C|0||PAGTO ELETRON COBRANCA COND FLORIPA 080824 - Condominio||
|I200|902|08082024|9|N||
|I250|42301010005||9|D|0||TARIFA BANCARIA TRANSF PGTO PIX - Despesas Bancįrias||
|I250|11102010002||9|C|0||TARIFA BANCARIA TRANSF PGTO PIX - Despesas Bancįrias||
|I200|903|08082024|9|N||
|I250|42301010005||9|D|0||TARIFA BANCARIA TRANSF PGTO PIX - Despesas Bancįrias||
|I250|11102010002||9|C|0||TARIFA BANCARIA TRANSF PGTO PIX - Despesas Bancįrias||
|I200|904|08082024|6832,57|N||
|I250|11104030002||6832,57|D|0||APLIC.INVEST FACIL - Aplic/Resgate||
|I250|11102010002||6832,57|C|0||APLIC.INVEST FACIL - Aplic/Resgate||
|I200|905|12082024|5823,85|N||
|I250|11102010002||5823,85|D|0||TRANSFERENCIA PIX REM: CLASSIC GESTAO ADMINI 12/08 - Locaēćo Ctba||
|I250|31101010001||5823,85|C|0||TRANSFERENCIA PIX REM: CLASSIC GESTAO ADMINI 12/08 - Locaēćo Ctba||
|I200|906|12082024|46|N||
|I250|42301010005||46|D|0||CARTAO CREDITO ANUIDADE - Despesas Bancįrias||
|I250|11102010002||46|C|0||CARTAO CREDITO ANUIDADE - Despesas Bancįrias||
|I200|907|12082024|5092,85|N||
|I250|11104030002||5092,85|D|0||APLIC.INVEST FACIL - Aplic/Resgate||
|I250|11102010002||5092,85|C|0||APLIC.INVEST FACIL - Aplic/Resgate||
|I200|908|12082024|285|N||
|I250|12301010010||285|D|0||TRANSFERENCIA PIX DES: MADEREIRA PORTAL KITL 12/08 - Obra Guarujį||
|I250|11102010002||285|C|0||TRANSFERENCIA PIX DES: MADEREIRA PORTAL KITL 12/08 - Obra Guarujį||
|I200|909|12082024|400|N||
|I250|31101020003||400|D|0||TRANSFERENCIA PIX DES: WANDERLEIA VIEIRA DE 12/08 - Manutenēćo e Conservaēćo||
|I250|11102010002||400|C|0||TRANSFERENCIA PIX DES: WANDERLEIA VIEIRA DE 12/08 - Manutenēćo e Conservaēćo||
|I200|910|13082024|1193,78|N||
|I250|11102010002||1193,78|D|0||RESGATE INVEST FACIL - Aplic/Resgate||
|I250|11104030002||1193,78|C|0||RESGATE INVEST FACIL - Aplic/Resgate||
|I200|911|13082024|0,07|N||
|I250|11102010002||0,07|D|0||RENTAB.INVEST FACILCRED* - Aplic/Resgate||
|I250|11104030002||0,07|C|0||RENTAB.INVEST FACILCRED* - Aplic/Resgate||
|I200|912|13082024|414,75|N||
|I250|12301010010||414,75|D|0||TRANSFERENCIA PIX DES: ADRIANO ALVES FERREIR 13/08 - Obra Guarujį||
|I250|11102010002||414,75|C|0||TRANSFERENCIA PIX DES: ADRIANO ALVES FERREIR 13/08 - Obra Guarujį||
|I200|913|13082024|779,1|N||
|I250|31101020003||779,1|D|0||TRANSFERENCIA PIX DES: HELENILTO AURELIANO P 13/08 - Manutenēćo Cotia||
|I250|11102010002||779,1|C|0||TRANSFERENCIA PIX DES: HELENILTO AURELIANO P 13/08 - Manutenēćo Cotia||
|I200|914|14082024|163902,44|N||
|I250|11101010001||163902,44|D|0||CRE. CAMBIOSOP....932612-Despesa Manutenēćo Las Piedras||
|I250|31101010001||163902,44|C|0||CRE. CAMBIOSOP....932612-Despesa Manutenēćo Las Piedras||
|I200|915|14082024|37153,8|N||
|I250|31101020003||37153,8|D|0||DEB. CAMBIOSST....819074-Despesa Manutenēćo Las Piedras||
|I250|11101010001||37153,8|C|0||DEB. CAMBIOSST....819074-Despesa Manutenēćo Las Piedras||
|I200|916|14082024|123,85|N||
|I250|31101020003||123,85|D|0||DEB. CAMBIOSST....819074-Despesa Manutenēćo Las Piedras||
|I250|11101010001||123,85|C|0||DEB. CAMBIOSST....819074-Despesa Manutenēćo Las Piedras||
|I200|917|15082024|6860,27|N||
|I250|11102010002||6860,27|D|0||RESGATE INVEST FACIL - Aplic/Resgate||
|I250|11104030002||6860,27|C|0||RESGATE INVEST FACIL - Aplic/Resgate||
|I200|918|15082024|0,57|N||
|I250|11102010002||0,57|D|0||RENTAB.INVEST FACILCRED* - Aplic/Resgate||
|I250|11104030002||0,57|C|0||RENTAB.INVEST FACILCRED* - Aplic/Resgate||
|I200|919|15082024|5157,8|N||
|I250|12301010010||5157,8|D|0||PAGTO ELETRON COBRANCA OBRA GJ NF 338 - Obra Guarujį||
|I250|11102010002||5157,8|C|0||PAGTO ELETRON COBRANCA OBRA GJ NF 338 - Obra Guarujį||
|I200|920|15082024|156,1|N||
|I250|42301010005||156,1|D|0||TARIFA BANCARIA Max Empresarial 1 - Despesas Bancįrias||
|I250|11102010002||156,1|C|0||TARIFA BANCARIA Max Empresarial 1 - Despesas Bancįrias||
|I200|921|15082024|3,99|N||
|I250|42301010005||3,99|D|0||TARIFA BANCARIA TRANSF PGTO PIX - Despesas Bancįrias||
|I250|11102010002||3,99|C|0||TARIFA BANCARIA TRANSF PGTO PIX - Despesas Bancįrias||
|I200|922|15082024|5,6|N||
|I250|42301010005||5,6|D|0||TARIFA BANCARIA TRANSF PGTO PIX - Despesas Bancįrias||
|I250|11102010002||5,6|C|0||TARIFA BANCARIA TRANSF PGTO PIX - Despesas Bancįrias||
|I200|923|15082024|5,8|N||
|I250|42301010005||5,8|D|0||TARIFA BANCARIA TRANSF PGTO PIX - Despesas Bancįrias||
|I250|11102010002||5,8|C|0||TARIFA BANCARIA TRANSF PGTO PIX - Despesas Bancįrias||
|I200|924|15082024|9|N||
|I250|42301010005||9|D|0||TARIFA BANCARIA TRANSF PGTO PIX - Despesas Bancįrias||
|I250|11102010002||9|C|0||TARIFA BANCARIA TRANSF PGTO PIX - Despesas Bancįrias||
|I200|925|15082024|1305,45|N||
|I250|31101020003||1305,45|D|0||TRANSFERENCIA PIX DES: Antonio Francisco Fur 15/08 - Manutenēćo Cotia||
|I250|11102010002||1305,45|C|0||TRANSFERENCIA PIX DES: Antonio Francisco Fur 15/08 - Manutenēćo Cotia||
|I200|926|15082024|217,1|N||
|I250|42103010035||217,1|D|0||CONTA DE TELEFONE INTERNET --TELEFONICA BRASIL S/ - Telefonia e Dados||
|I250|11102010002||217,1|C|0||CONTA DE TELEFONE INTERNET --TELEFONICA BRASIL S/ - Telefonia e Dados||
|I200|927|15082024|65657,82|N||
|I250|11102010002||65657,82|D|0||SALDO LIQ.INVEST FACIL* - Aplic/Resgate||
|I250|11104030002||65657,82|C|0||SALDO LIQ.INVEST FACIL* - Aplic/Resgate||
|I200|928|16082024|19000|N||
|I250|11102010002||19000|D|0||TRANSFERENCIA PIX REM: NOVA RUBILIA INSTITUI 16/08 - Locaēćo Landmark||
|I250|31101010001||19000|C|0||TRANSFERENCIA PIX REM: NOVA RUBILIA INSTITUI 16/08 - Locaēćo Landmark||
|I200|929|16082024|77,75|N||
|I250|42103010038||77,75|D|0||PAGTO ELETRON COBRANCA TAMPA DA BATERIA CARRO POSCHE - Veķculos||
|I250|11102010002||77,75|C|0||PAGTO ELETRON COBRANCA TAMPA DA BATERIA CARRO POSCHE - Veķculos||
|I200|930|16082024|1034,09|N||
|I250|12301010010||1034,09|D|0||TRANSFERENCIA PIX DES: Helio Novaes Almeida 16/08 - Obra Guarujį||
|I250|11102010002||1034,09|C|0||TRANSFERENCIA PIX DES: Helio Novaes Almeida 16/08 - Obra Guarujį||
|I200|931|16082024|115,6|N||
|I250|42103010021||115,6|D|0||CONTA DE AGUA E ESGOTO INTERNET --SABESP/SP - Įgua e Esgoto||
|I250|11102010002||115,6|C|0||CONTA DE AGUA E ESGOTO INTERNET --SABESP/SP - Įgua e Esgoto||
|I200|932|19082024|0,4|N||
|I250|11102010002||0,4|D|0||RENTAB.INVEST FACILCRED* - Aplic/Resgate||
|I250|11104030002||0,4|C|0||RENTAB.INVEST FACILCRED* - Aplic/Resgate||
|I200|933|19082024|1162,41|N||
|I250|31101020003||1162,41|D|0||PAGTO ELETRON COBRANCA CONV EVA - Manutenēćo e Conservaēćo||
|I250|11102010002||1162,41|C|0||PAGTO ELETRON COBRANCA CONV EVA - Manutenēćo e Conservaēćo||
|I200|934|19082024|1656,97|N||
|I250|31101020003||1656,97|D|0||PAGTO ELETRON COBRANCA CONV CARLOS - Manutenēćo e Conservaēćo||
|I250|11102010002||1656,97|C|0||PAGTO ELETRON COBRANCA CONV CARLOS - Manutenēćo e Conservaēćo||
|I200|935|19082024|321,14|N||
|I250|42103010001||321,14|D|0||PAGTO ELETRON COBRANCA VIRTUAL OFFICE 190824 - Aluguel||
|I250|11102010002||321,14|C|0||PAGTO ELETRON COBRANCA VIRTUAL OFFICE 190824 - Aluguel||
|I200|936|19082024|9|N||
|I250|42301010005||9|D|0||TARIFA BANCARIA TRANSF PGTO PIX - Despesas Bancįrias||
|I250|11102010002||9|C|0||TARIFA BANCARIA TRANSF PGTO PIX - Despesas Bancįrias||
|I200|937|19082024|37153,8|N||
|I250|31101020003||37153,8|D|0||DEB. CAMBIOSST....882944-Despesa Manutenēćo Las Piedras||
|I250|11101010001||37153,8|C|0||DEB. CAMBIOSST....882944-Despesa Manutenēćo Las Piedras||
|I200|938|19082024|123,85|N||
|I250|31101020003||123,85|D|0||DEB. CAMBIOSST....882944-Despesa Manutenēćo Las Piedras||
|I250|11101010001||123,85|C|0||DEB. CAMBIOSST....882944-Despesa Manutenēćo Las Piedras||
|I200|939|19082024|774,04|N||
|I250|31101020003||774,04|D|0||TRASPASO A 2209481ILINK-Despesa Manutenēćo Las Piedras||
|I250|11101010001||774,04|C|0||TRASPASO A 2209481ILINK-Despesa Manutenēćo Las Piedras||
|I200|940|20082024|2,06|N||
|I250|11102010002||2,06|D|0||RENTAB.INVEST FACILCRED* - Aplic/Resgate||
|I250|11104030002||2,06|C|0||RENTAB.INVEST FACILCRED* - Aplic/Resgate||
|I200|941|20082024|885,42|N||
|I250|42101020001||885,42|D|0||PAGTO ELETRONICO TRIBUTO INTERNET --DOC.ARREC.DO ESOCIAL - Esocial||
|I250|11102010002||885,42|C|0||PAGTO ELETRONICO TRIBUTO INTERNET --DOC.ARREC.DO ESOCIAL - Esocial||
|I200|942|20082024|845|N||
|I250|42103010038||845|D|0||TRANSFERENCIA PIX DES: RAPOSO BATERIAS E ACE 20/08 - Veķculos||
|I250|11102010002||845|C|0||TRANSFERENCIA PIX DES: RAPOSO BATERIAS E ACE 20/08 - Veķculos||
|I200|943|20082024|12670|N||
|I250|12301010010||12670|D|0||TRANSFERENCIA PIX DES: ADELIANO AZEVEDO SANT 20/08 - Obra Guarujį||
|I250|11102010002||12670|C|0||TRANSFERENCIA PIX DES: ADELIANO AZEVEDO SANT 20/08 - Obra Guarujį||
|I200|944|21082024|20000|N||
|I250|11102010002||20000|D|0||TRANSF CC PARA CC PJ KIPSTONE SERVICOS E TECNOLOGIA L - Mśtuo KPL||
|I250|22101030018||20000|C|0||TRANSF CC PARA CC PJ KIPSTONE SERVICOS E TECNOLOGIA L - Mśtuo KPL||
|I200|945|21082024|0,7|N||
|I250|11102010002||0,7|D|0||RENTAB.INVEST FACILCRED* - Aplic/Resgate||
|I250|11104030002||0,7|C|0||RENTAB.INVEST FACILCRED* - Aplic/Resgate||
|I200|946|21082024|9|N||
|I250|42301010005||9|D|0||TARIFA BANCARIA TRANSF PGTO PIX - Despesas Bancįrias||
|I250|11102010002||9|C|0||TARIFA BANCARIA TRANSF PGTO PIX - Despesas Bancįrias||
|I200|947|21082024|10250|N||
|I250|12301010010||10250|D|0||TRANSFERENCIA PIX DES: ADRIANO ALVES FERREIR 21/08 - Obra Guarujį||
|I250|11102010002||10250|C|0||TRANSFERENCIA PIX DES: ADRIANO ALVES FERREIR 21/08 - Obra Guarujį||
|I200|948|21082024|6038,9|N||
|I250|12301010010||6038,9|D|0||PIX QR CODE ESTATICO DES: LOJA ELECTROLUX COM V 21/08 - Obra Guarujį||
|I250|11102010002||6038,9|C|0||PIX QR CODE ESTATICO DES: LOJA ELECTROLUX COM V 21/08 - Obra Guarujį||
|I200|949|21082024|4614,8|N||
|I250|12301010010||4614,8|D|0||PIX QR CODE DINAMICO DES: FAST SHOP S A     21/08 - Obra Guarujį||
|I250|11102010002||4614,8|C|0||PIX QR CODE DINAMICO DES: FAST SHOP S A     21/08 - Obra Guarujį||
|I200|950|21082024|3485,8|N||
|I250|12301010010||3485,8|D|0||PIX QR CODE DINAMICO DES: FAST SHOP S A     21/08 - Obra Guarujį||
|I250|11102010002||3485,8|C|0||PIX QR CODE DINAMICO DES: FAST SHOP S A     21/08 - Obra Guarujį||
|I200|951|22082024|1,1|N||
|I250|11102010002||1,1|D|0||RENTAB.INVEST FACILCRED* - Aplic/Resgate||
|I250|11104030002||1,1|C|0||RENTAB.INVEST FACILCRED* - Aplic/Resgate||
|I200|952|22082024|9|N||
|I250|42301010005||9|D|0||TARIFA BANCARIA TRANSF PGTO PIX - Despesas Bancįrias||
|I250|11102010002||9|C|0||TARIFA BANCARIA TRANSF PGTO PIX - Despesas Bancįrias||
|I200|953|22082024|9|N||
|I250|42301010005||9|D|0||TARIFA BANCARIA TRANSF PGTO PIX - Despesas Bancįrias||
|I250|11102010002||9|C|0||TARIFA BANCARIA TRANSF PGTO PIX - Despesas Bancįrias||
|I200|954|22082024|1100|N||
|I250|42101010006||1100|D|0||TRANSFERENCIA PIX DES: E. WROCLAWSKI - SERVI 22/08 - Assistźncia Médica||
|I250|11102010002||1100|C|0||TRANSFERENCIA PIX DES: E. WROCLAWSKI - SERVI 22/08 - Assistźncia Médica||
|I200|955|22082024|5000|N||
|I250|12301010010||5000|D|0||TRANSFERENCIA PIX DES: HELIO NOVAES     22/08 - Obra Guarujį||
|I250|11102010002||5000|C|0||TRANSFERENCIA PIX DES: HELIO NOVAES     22/08 - Obra Guarujį||
|I200|956|23082024|2,17|N||
|I250|11102010002||2,17|D|0||RENTAB.INVEST FACILCRED* - Aplic/Resgate||
|I250|11104030002||2,17|C|0||RENTAB.INVEST FACILCRED* - Aplic/Resgate||
|I200|957|23082024|10885,7|N||
|I250|31101020002||10885,7|D|0||PAGTO ELETRON COBRANCA COND SASIP 230824 - Condominio||
|I250|11102010002||10885,7|C|0||PAGTO ELETRON COBRANCA COND SASIP 230824 - Condominio||
|I200|958|23082024|9|N||
|I250|42301010005||9|D|0||TARIFA BANCARIA TRANSF PGTO PIX - Despesas Bancįrias||
|I250|11102010002||9|C|0||TARIFA BANCARIA TRANSF PGTO PIX - Despesas Bancįrias||
|I200|959|26082024|0,54|N||
|I250|11102010002||0,54|D|0||RENTAB.INVEST FACILCRED* - Aplic/Resgate||
|I250|11104030002||0,54|C|0||RENTAB.INVEST FACILCRED* - Aplic/Resgate||
|I200|960|26082024|9|N||
|I250|42301010005||9|D|0||TARIFA BANCARIA TRANSF PGTO PIX - Despesas Bancįrias||
|I250|11102010002||9|C|0||TARIFA BANCARIA TRANSF PGTO PIX - Despesas Bancįrias||
|I200|961|26082024|9|N||
|I250|42301010005||9|D|0||TARIFA BANCARIA TRANSF PGTO PIX - Despesas Bancįrias||
|I250|11102010002||9|C|0||TARIFA BANCARIA TRANSF PGTO PIX - Despesas Bancįrias||
|I200|962|26082024|300|N||
|I250|31101020003||300|D|0||TRANSFERENCIA PIX DES: Antonio Francisco Fur 26/08 - Manutenēćo Cotia||
|I250|11102010002||300|C|0||TRANSFERENCIA PIX DES: Antonio Francisco Fur 26/08 - Manutenēćo Cotia||
|I200|963|26082024|1945,35|N||
|I250|42103010026||1945,35|D|0||TRANSFERENCIA PIX DES: HELENILTO AURELIANO P 26/08 - Reembolso Hap||
|I250|11102010002||1945,35|C|0||TRANSFERENCIA PIX DES: HELENILTO AURELIANO P 26/08 - Reembolso Hap||
|I200|964|28082024|2500|N||
|I250|11102010002||2500|D|0||TRANSFERENCIA PIX REM: ADVOCACIA J. DELINSKI 28/08 - Mśtuo AJS||
|I250|22101030002||2500|C|0||TRANSFERENCIA PIX REM: ADVOCACIA J. DELINSKI 28/08 - Mśtuo AJS||
|I200|965|28082024|0,85|N||
|I250|11102010002||0,85|D|0||RENTAB.INVEST FACILCRED* - Aplic/Resgate||
|I250|11104030002||0,85|C|0||RENTAB.INVEST FACILCRED* - Aplic/Resgate||
|I200|966|28082024|0,98|N||
|I250|11102010002||0,98|D|0||RENTAB.INVEST FACILCRED* - Aplic/Resgate||
|I250|11104030002||0,98|C|0||RENTAB.INVEST FACILCRED* - Aplic/Resgate||
|I200|967|28082024|0,51|N||
|I250|11102010002||0,51|D|0||RENTAB.INVEST FACILCRED* - Aplic/Resgate||
|I250|11104030002||0,51|C|0||RENTAB.INVEST FACILCRED* - Aplic/Resgate||
|I200|968|28082024|3,59|N||
|I250|11102010002||3,59|D|0||RENTAB.INVEST FACILCRED* - Aplic/Resgate||
|I250|11104030002||3,59|C|0||RENTAB.INVEST FACILCRED* - Aplic/Resgate||
|I200|969|28082024|28510,85|N||
|I250|42101010006||28510,85|D|0||PAGTO ELETRON COBRANCA CONVENIO CLAUDIA - Assistźncia Médica||
|I250|11102010002||28510,85|C|0||PAGTO ELETRON COBRANCA CONVENIO CLAUDIA - Assistźncia Médica||
|I200|970|28082024|14838,89|N||
|I250|42101010006||14838,89|D|0||PAGTO ELETRON COBRANCA CONVENIO NEI - Assistźncia Médica||
|I250|11102010002||14838,89|C|0||PAGTO ELETRON COBRANCA CONVENIO NEI - Assistźncia Médica||
|I200|971|28082024|888,39|N||
|I250|42101020001||888,39|D|0||PAGTO ELETRONICO TRIBUTO INTERNET --DOC.ARREC.DO ESOC - Esocial||
|I250|11102010002||888,39|C|0||PAGTO ELETRONICO TRIBUTO INTERNET --DOC.ARREC.DO ESOC - Esocial||
|I200|972|29082024|4,2|N||
|I250|42301010005||4,2|D|0||TARIFA BANCARIA TRANSF PGTO PIX - Despesas Bancįrias||
|I250|11102010002||4,2|C|0||TARIFA BANCARIA TRANSF PGTO PIX - Despesas Bancįrias||
|I200|973|29082024|9|N||
|I250|42301010005||9|D|0||TARIFA BANCARIA TRANSF PGTO PIX - Despesas Bancįrias||
|I250|11102010002||9|C|0||TARIFA BANCARIA TRANSF PGTO PIX - Despesas Bancįrias||
|I200|974|29082024|30961,5|N||
|I250|31101020003||30961,5|D|0||DEB. CAMBIOSST....016470-Despesa Manutenēćo Las Piedras||
|I250|11101010001||30961,5|C|0||DEB. CAMBIOSST....016470-Despesa Manutenēćo Las Piedras||
|I200|975|29082024|123,85|N||
|I250|31101020003||123,85|D|0||DEB. CAMBIOSST....016470-Despesa Manutenēćo Las Piedras||
|I250|11101010001||123,85|C|0||DEB. CAMBIOSST....016470-Despesa Manutenēćo Las Piedras||
|I200|976|30082024|123,85|N||
|I250|31101020003||123,85|D|0||GASTOS MAN.RELACION-Despesa Manutenēćo Las Piedras||
|I250|11101010001||123,85|C|0||GASTOS MAN.RELACION-Despesa Manutenēćo Las Piedras||
|I200|977|02092024|103000|N||
|I250|11102010002||103000|D|0||TRANSF CC PARA CC PJ KIPSTONE SERVICOS E TECNOLOGIA L - Mśtuo KPL||
|I250|22101030018||103000|C|0||TRANSF CC PARA CC PJ KIPSTONE SERVICOS E TECNOLOGIA L - Mśtuo KPL||
|I200|978|02092024|1659,96|N||
|I250|42103010013||1659,96|D|0||PAGTO ELETRON COBRANCA ELEKTRO 3605 - Energia Elétrica||
|I250|11102010002||1659,96|C|0||PAGTO ELETRON COBRANCA ELEKTRO 3605 - Energia Elétrica||
|I200|979|02092024|160,89|N||
|I250|42103010033||160,89|D|0||PAGTO ELETRON COBRANCA ALARME CAMPOS - Seguranēa||
|I250|11102010002||160,89|C|0||PAGTO ELETRON COBRANCA ALARME CAMPOS - Seguranēa||
|I200|980|02092024|107,38|N||
|I250|42103010013||107,38|D|0||PAGTO ELETRON COBRANCA ELEKTRO 8561 - Energia Elétrica||
|I250|11102010002||107,38|C|0||PAGTO ELETRON COBRANCA ELEKTRO 8561 - Energia Elétrica||
|I200|981|02092024|961,02|N||
|I250|31101020002||961,02|D|0||PAGTO ELETRON COBRANCA COND CAMPOS - Condominio||
|I250|11102010002||961,02|C|0||PAGTO ELETRON COBRANCA COND CAMPOS - Condominio||
|I200|982|02092024|100,84|N||
|I250|42103010013||100,84|D|0||PAGTO ELETRON COBRANCA ELEKTRO 4973 - Energia Elétrica||
|I250|11102010002||100,84|C|0||PAGTO ELETRON COBRANCA ELEKTRO 4973 - Energia Elétrica||
|I200|983|02092024|104,04|N||
|I250|42103010013||104,04|D|0||PAGTO ELETRON COBRANCA ELEKTRO 2504 - Energia Elétrica||
|I250|11102010002||104,04|C|0||PAGTO ELETRON COBRANCA ELEKTRO 2504 - Energia Elétrica||
|I200|984|02092024|1775,46|N||
|I250|31101020002||1775,46|D|0||PAGTO ELETRON COBRANCA MARE 062 - Condominio||
|I250|11102010002||1775,46|C|0||PAGTO ELETRON COBRANCA MARE 062 - Condominio||
|I200|985|02092024|1775,46|N||
|I250|31101020002||1775,46|D|0||PAGTO ELETRON COBRANCA MARE 088 - Condominio||
|I250|11102010002||1775,46|C|0||PAGTO ELETRON COBRANCA MARE 088 - Condominio||
|I200|986|02092024|1775,46|N||
|I250|31101020002||1775,46|D|0||PAGTO ELETRON COBRANCA MARE 092 - Condominio||
|I250|11102010002||1775,46|C|0||PAGTO ELETRON COBRANCA MARE 092 - Condominio||
|I200|987|02092024|342,22|N||
|I250|31101020002||342,22|D|0||PAGTO ELETRON COBRANCA COND FLORIPA 020924 - Condominio||
|I250|11102010002||342,22|C|0||PAGTO ELETRON COBRANCA COND FLORIPA 020924 - Condominio||
|I200|988|02092024|2213,29|N||
|I250|42101020001||2213,29|D|0||PAGTO ELETRONICO TRIBUTO INTERNET --DOC.ARREC.DO ESOCIAL - Esocial||
|I250|11102010002||2213,29|C|0||PAGTO ELETRONICO TRIBUTO INTERNET --DOC.ARREC.DO ESOCIAL - Esocial||
|I200|989|02092024|2500|N||
|I250|42103010040||2500|D|0||TRANSF CC PARA CC PJ AZITA MARIA DA SILVERIO - Ajuda de Custo||
|I250|11102010002||2500|C|0||TRANSF CC PARA CC PJ AZITA MARIA DA SILVERIO - Ajuda de Custo||
|I200|990|02092024|300|N||
|I250|31101020003||300|D|0||TRANSFERENCIA PIX DES: Antonio Francisco Fur 02/09 - Manutenēćo Cotia||
|I250|11102010002||300|C|0||TRANSFERENCIA PIX DES: Antonio Francisco Fur 02/09 - Manutenēćo Cotia||
|I200|991|02092024|1980|N||
|I250|31101020003||1980|D|0||TRANSFERENCIA PIX DES: CARLOS ROBERTO DE OLI 02/09 - Manutenēćo e Conservaēćo||
|I250|11102010002||1980|C|0||TRANSFERENCIA PIX DES: CARLOS ROBERTO DE OLI 02/09 - Manutenēćo e Conservaēćo||
|I200|992|02092024|1928|N||
|I250|31101020003||1928|D|0||TRANSFERENCIA PIX DES: Eva Koch Santos    02/09 - Manutenēćo e Conservaēćo||
|I250|11102010002||1928|C|0||TRANSFERENCIA PIX DES: Eva Koch Santos    02/09 - Manutenēćo e Conservaēćo||
|I200|993|02092024|2000|N||
|I250|31101020003||2000|D|0||TRANSFERENCIA PIX DES: LUIZ CARLOS DA SILVA 02/09 - Manutenēćo e Conservaēćo||
|I250|11102010002||2000|C|0||TRANSFERENCIA PIX DES: LUIZ CARLOS DA SILVA 02/09 - Manutenēćo e Conservaēćo||
|I200|994|02092024|3494|N||
|I250|31101020003||3494|D|0||TRANSFERENCIA PIX DES: MARIA CRISTINA RAYMUN 02/09 - Manutenēćo e Conservaēćo||
|I250|11102010002||3494|C|0||TRANSFERENCIA PIX DES: MARIA CRISTINA RAYMUN 02/09 - Manutenēćo e Conservaēćo||
|I200|995|02092024|2000|N||
|I250|42103010040||2000|D|0||TRANSFERENCIA PIX DES: CLAUDIA GOMES     02/09 - Ajuda de Custo||
|I250|11102010002||2000|C|0||TRANSFERENCIA PIX DES: CLAUDIA GOMES     02/09 - Ajuda de Custo||
|I200|996|02092024|114,64|N||
|I250|42103010021||114,64|D|0||CONTA DE AGUA E ESGOTO INTERNET --SABESP/SP - Įgua e Esgoto||
|I250|11102010002||114,64|C|0||CONTA DE AGUA E ESGOTO INTERNET --SABESP/SP - Įgua e Esgoto||
|I200|997|04092024|15000|N||
|I250|11102010002||15000|D|0||TRANSF CC PARA CC PJ KIPSTONE SERVICOS E TECNOLOGIA L - Mśtuo KPL||
|I250|22101030018||15000|C|0||TRANSF CC PARA CC PJ KIPSTONE SERVICOS E TECNOLOGIA L - Mśtuo KPL||
|I200|998|04092024|1408,9|N||
|I250|12301010010||1408,9|D|0||PAGTO ELETRON COBRANCA OBRA GJ MERCADO LIVRE - Obra Guarujį||
|I250|11102010002||1408,9|C|0||PAGTO ELETRON COBRANCA OBRA GJ MERCADO LIVRE - Obra Guarujį||
|I200|999|04092024|10000|N||
|I250|12301010010||10000|D|0||TRANSFERENCIA PIX DES: HEIDER MOLICA CAMARGO 04/09 - Obra Guarujį||
|I250|11102010002||10000|C|0||TRANSFERENCIA PIX DES: HEIDER MOLICA CAMARGO 04/09 - Obra Guarujį||
|I200|1000|04092024|500|N||
|I250|31101020003||500|D|0||TRANSFERENCIA PIX DES: Antonio Francisco Fur 04/09 - Manutenēćo Cotia||
|I250|11102010002||500|C|0||TRANSFERENCIA PIX DES: Antonio Francisco Fur 04/09 - Manutenēćo Cotia||
|I200|1001|05092024|0,07|N||
|I250|11102010002||0,07|D|0||RENTAB.INVEST FACILCRED* - Aplic/Resgate||
|I250|11104030002||0,07|C|0||RENTAB.INVEST FACILCRED* - Aplic/Resgate||
|I200|1002|05092024|0,08|N||
|I250|11102010002||0,08|D|0||RENTAB.INVEST FACILCRED* - Aplic/Resgate||
|I250|11104030002||0,08|C|0||RENTAB.INVEST FACILCRED* - Aplic/Resgate||
|I200|1003|05092024|5692,07|N||
|I250|31101020002||5692,07|D|0||PAGTO ELETRON COBRANCA COND PALAIS ROYAL - Condominio||
|I250|11102010002||5692,07|C|0||PAGTO ELETRON COBRANCA COND PALAIS ROYAL - Condominio||
|I200|1004|05092024|11184,75|N||
|I250|12301010010||11184,75|D|0||PAGTO ELETRON COBRANCA OBRA GJ NF 364 - Obra Guarujį||
|I250|11102010002||11184,75|C|0||PAGTO ELETRON COBRANCA OBRA GJ NF 364 - Obra Guarujį||
|I200|1005|05092024|4,2|N||
|I250|42301010005||4,2|D|0||TARIFA BANCARIA TRANSF PGTO PIX - Despesas Bancįrias||
|I250|11102010002||4,2|C|0||TARIFA BANCARIA TRANSF PGTO PIX - Despesas Bancįrias||
|I200|1006|05092024|9|N||
|I250|42301010005||9|D|0||TARIFA BANCARIA TRANSF PGTO PIX - Despesas Bancįrias||
|I250|11102010002||9|C|0||TARIFA BANCARIA TRANSF PGTO PIX - Despesas Bancįrias||
|I200|1007|05092024|9|N||
|I250|42301010005||9|D|0||TARIFA BANCARIA TRANSF PGTO PIX - Despesas Bancįrias||
|I250|11102010002||9|C|0||TARIFA BANCARIA TRANSF PGTO PIX - Despesas Bancįrias||
|I200|1008|05092024|9|N||
|I250|42301010005||9|D|0||TARIFA BANCARIA TRANSF PGTO PIX - Despesas Bancįrias||
|I250|11102010002||9|C|0||TARIFA BANCARIA TRANSF PGTO PIX - Despesas Bancįrias||
|I200|1009|05092024|9|N||
|I250|42301010005||9|D|0||TARIFA BANCARIA TRANSF PGTO PIX - Despesas Bancįrias||
|I250|11102010002||9|C|0||TARIFA BANCARIA TRANSF PGTO PIX - Despesas Bancįrias||
|I200|1010|05092024|9|N||
|I250|42301010005||9|D|0||TARIFA BANCARIA TRANSF PGTO PIX - Despesas Bancįrias||
|I250|11102010002||9|C|0||TARIFA BANCARIA TRANSF PGTO PIX - Despesas Bancįrias||
|I200|1011|06092024|7|N||
|I250|42301010005||7|D|0||TARIFA BANCARIA TRANSF PGTO PIX - Despesas Bancįrias||
|I250|11102010002||7|C|0||TARIFA BANCARIA TRANSF PGTO PIX - Despesas Bancįrias||
|I200|1012|06092024|9|N||
|I250|42301010005||9|D|0||TARIFA BANCARIA TRANSF PGTO PIX - Despesas Bancįrias||
|I250|11102010002||9|C|0||TARIFA BANCARIA TRANSF PGTO PIX - Despesas Bancįrias||
|I200|1013|09092024|8000|N||
|I250|11102010002||8000|D|0||TED-TRANSF ELET DISPON REMET.PAULO J M SILVEIRA - Locaēćo Bertioga||
|I250|31101010001||8000|C|0||TED-TRANSF ELET DISPON REMET.PAULO J M SILVEIRA - Locaēćo Bertioga||
|I200|1014|10092024|6795,56|N||
|I250|11102010002||6795,56|D|0||TRANSFERENCIA PIX REM: CLASSIC GESTAO ADMINI 10/09 - Locaēćo Ctba||
|I250|31101010001||6795,56|C|0||TRANSFERENCIA PIX REM: CLASSIC GESTAO ADMINI 10/09 - Locaēćo Ctba||
|I200|1015|10092024|46|N||
|I250|42301010005||46|D|0||CARTAO CREDITO ANUIDADE - Despesas Bancįrias||
|I250|11102010002||46|C|0||CARTAO CREDITO ANUIDADE - Despesas Bancįrias||
|I200|1016|10092024|145|N||
|I250|12301010010||145|D|0||TRANSFERENCIA PIX DES: CACIO LUĶS DA SILVA  10/09 - Obra Guarujį||
|I250|11102010002||145|C|0||TRANSFERENCIA PIX DES: CACIO LUĶS DA SILVA  10/09 - Obra Guarujį||
|I200|1017|11092024|0,01|N||
|I250|11102010002||0,01|D|0||RENTAB.INVEST FACILCRED* - Aplic/Resgate||
|I250|11104030002||0,01|C|0||RENTAB.INVEST FACILCRED* - Aplic/Resgate||
|I200|1018|11092024|217,1|N||
|I250|42103010035||217,1|D|0||CONTA DE TELEFONE INTERNET --TELEFONICA BRASIL S/ - Telefonia e Dados||
|I250|11102010002||217,1|C|0||CONTA DE TELEFONE INTERNET --TELEFONICA BRASIL S/ - Telefonia e Dados||
|I200|1019|12092024|2,03|N||
|I250|42301010005||2,03|D|0||TARIFA BANCARIA TRANSF PGTO PIX - Despesas Bancįrias||
|I250|11102010002||2,03|C|0||TARIFA BANCARIA TRANSF PGTO PIX - Despesas Bancįrias||
|I200|1020|13092024|0,02|N||
|I250|11102010002||0,02|D|0||RENTAB.INVEST FACILCRED* - Aplic/Resgate||
|I250|11104030002||0,02|C|0||RENTAB.INVEST FACILCRED* - Aplic/Resgate||
|I200|1021|13092024|156,1|N||
|I250|42301010005||156,1|D|0||TARIFA BANCARIA Max Empresarial 1 - Despesas Bancįrias||
|I250|11102010002||156,1|C|0||TARIFA BANCARIA Max Empresarial 1 - Despesas Bancįrias||
|I200|1022|13092024|157,62|N||
|I250|42103010013||157,62|D|0||CONTA DE LUZ INTERNET --ENEL DISTRIBUICAO/SP - Energia Elétrica||
|I250|11102010002||157,62|C|0||CONTA DE LUZ INTERNET --ENEL DISTRIBUICAO/SP - Energia Elétrica||
|I200|1023|16092024|27865,35|N||
|I250|31101020003||27865,35|D|0||DEB. CAMBIOSST....304438-Despesa Manutenēćo Las Piedras||
|I250|11101010001||27865,35|C|0||DEB. CAMBIOSST....304438-Despesa Manutenēćo Las Piedras||
|I200|1024|16092024|123,85|N||
|I250|31101020003||123,85|D|0||DEB. CAMBIOSST....304438-Despesa Manutenēćo Las Piedras||
|I250|11101010001||123,85|C|0||DEB. CAMBIOSST....304438-Despesa Manutenēćo Las Piedras||
|I200|1025|16092024|774,04|N||
|I250|31101020003||774,04|D|0||TRASPASO A 2209481ILINK-Despesa Manutenēćo Las Piedras||
|I250|11101010001||774,04|C|0||TRASPASO A 2209481ILINK-Despesa Manutenēćo Las Piedras||
|I200|1026|17092024|0,02|N||
|I250|11102010002||0,02|D|0||RENTAB.INVEST FACILCRED* - Aplic/Resgate||
|I250|11104030002||0,02|C|0||RENTAB.INVEST FACILCRED* - Aplic/Resgate||
|I200|1027|17092024|208,24|N||
|I250|42103010038||208,24|D|0||PAGTO ELETRONICO TRIBUTO NET EMPR LIC ELET DZT2323 - Veķculos||
|I250|11102010002||208,24|C|0||PAGTO ELETRONICO TRIBUTO NET EMPR LIC ELET DZT2323 - Veķculos||
|I200|1028|18092024|0,44|N||
|I250|11102010002||0,44|D|0||RENTAB.INVEST FACILCRED* - Aplic/Resgate||
|I250|11104030002||0,44|C|0||RENTAB.INVEST FACILCRED* - Aplic/Resgate||
|I200|1029|18092024|1850,55|N||
|I250|42103010031||1850,55|D|0||PAGTO ELETRON COBRANCA SEGURO CAMPOS - Seguro||
|I250|11102010002||1850,55|C|0||PAGTO ELETRON COBRANCA SEGURO CAMPOS - Seguro||
|I200|1030|18092024|1556,37|N||
|I250|31101020003||1556,37|D|0||PAGTO ELETRON COBRANCA CONV CARLOS - Manutenēćo e Conservaēćo||
|I250|11102010002||1556,37|C|0||PAGTO ELETRON COBRANCA CONV CARLOS - Manutenēćo e Conservaēćo||
|I200|1031|18092024|1091,84|N||
|I250|31101020003||1091,84|D|0||PAGTO ELETRON COBRANCA CONV EVA - Manutenēćo e Conservaēćo||
|I250|11102010002||1091,84|C|0||PAGTO ELETRON COBRANCA CONV EVA - Manutenēćo e Conservaēćo||
|I200|1032|19092024|0,06|N||
|I250|11102010002||0,06|D|0||RENTAB.INVEST FACILCRED* - Aplic/Resgate||
|I250|11104030002||0,06|C|0||RENTAB.INVEST FACILCRED* - Aplic/Resgate||
|I200|1033|19092024|500|N||
|I250|31101020003||500|D|0||TRANSFERENCIA PIX DES: Antonio Francisco Fur 19/09 - Manutenēćo Cotia||
|I250|11102010002||500|C|0||TRANSFERENCIA PIX DES: Antonio Francisco Fur 19/09 - Manutenēćo Cotia||
|I200|1034|20092024|16500|N||
|I250|11102010002||16500|D|0||TRANSFERENCIA PIX REM: NOVA RUBILIA INSTITUI 20/09 - Locaēćo Landmark||
|I250|31101010001||16500|C|0||TRANSFERENCIA PIX REM: NOVA RUBILIA INSTITUI 20/09 - Locaēćo Landmark||
|I200|1035|20092024|10710|N||
|I250|31101020002||10710|D|0||PAGTO ELETRON COBRANCA COND SASIP - Condominio||
|I250|11102010002||10710|C|0||PAGTO ELETRON COBRANCA COND SASIP - Condominio||
|I200|1036|23092024|0,12|N||
|I250|11102010002||0,12|D|0||RENTAB.INVEST FACILCRED* - Aplic/Resgate||
|I250|11104030002||0,12|C|0||RENTAB.INVEST FACILCRED* - Aplic/Resgate||
|I200|1037|23092024|321,14|N||
|I250|42103010001||321,14|D|0||PAGTO ELETRON COBRANCA VIRTUAL OFFICE - Aluguel||
|I250|11102010002||321,14|C|0||PAGTO ELETRON COBRANCA VIRTUAL OFFICE - Aluguel||
|I200|1038|23092024|7|N||
|I250|42301010005||7|D|0||TARIFA BANCARIA TRANSF PGTO PIX - Despesas Bancįrias||
|I250|11102010002||7|C|0||TARIFA BANCARIA TRANSF PGTO PIX - Despesas Bancįrias||
|I200|1039|23092024|400|N||
|I250|31101020003||400|D|0||TRANSFERENCIA PIX DES: Antonio Francisco Fur 23/09 - Manutenēćo Cotia||
|I250|11102010002||400|C|0||TRANSFERENCIA PIX DES: Antonio Francisco Fur 23/09 - Manutenēćo Cotia||
|I200|1040|24092024|7,85|N||
|I250|11102010002||7,85|D|0||RENTAB.INVEST FACILCRED* - Aplic/Resgate||
|I250|11104030002||7,85|C|0||RENTAB.INVEST FACILCRED* - Aplic/Resgate||
|I200|1041|24092024|14838,89|N||
|I250|42101010006||14838,89|D|0||PAGTO ELETRON COBRANCA CONV NEI 240924 - Assistźncia Médica||
|I250|11102010002||14838,89|C|0||PAGTO ELETRON COBRANCA CONV NEI 240924 - Assistźncia Médica||
|I200|1042|24092024|28510,85|N||
|I250|42101010006||28510,85|D|0||PAGTO ELETRON COBRANCA CONV CLAUDIA 240924 - Assistźncia Médica||
|I250|11102010002||28510,85|C|0||PAGTO ELETRON COBRANCA CONV CLAUDIA 240924 - Assistźncia Médica||
|I200|1043|25092024|5,6|N||
|I250|42301010005||5,6|D|0||TARIFA BANCARIA TRANSF PGTO PIX - Despesas Bancįrias||
|I250|11102010002||5,6|C|0||TARIFA BANCARIA TRANSF PGTO PIX - Despesas Bancįrias||
|I200|1044|26092024|0,23|N||
|I250|11102010002||0,23|D|0||RENTAB.INVEST FACILCRED* - Aplic/Resgate||
|I250|11104030002||0,23|C|0||RENTAB.INVEST FACILCRED* - Aplic/Resgate||
|I200|1045|26092024|1045|N||
|I250|12301010010||1045|D|0||TRANSFERENCIA PIX DES: CACIO LUĶS DA SILVA  26/09 - Obra Guarujį||
|I250|11102010002||1045|C|0||TRANSFERENCIA PIX DES: CACIO LUĶS DA SILVA  26/09 - Obra Guarujį||
|I200|1046|26092024|21673,05|N||
|I250|31101020003||21673,05|D|0||DEB. CAMBIOSST....448071-Despesa Manutenēćo Las Piedras||
|I250|11101010001||21673,05|C|0||DEB. CAMBIOSST....448071-Despesa Manutenēćo Las Piedras||
|I200|1047|26092024|123,85|N||
|I250|31101020003||123,85|D|0||DEB. CAMBIOSST....448071-Despesa Manutenēćo Las Piedras||
|I250|11101010001||123,85|C|0||DEB. CAMBIOSST....448071-Despesa Manutenēćo Las Piedras||
|I200|1048|30092024|90230|N||
|I250|11102010002||90230|D|0||TRANSF CC PARA CC PJ KIPSTONE SERVICOS E TECNOLOGIA L - Mśtuo KPL||
|I250|22101030018||90230|C|0||TRANSF CC PARA CC PJ KIPSTONE SERVICOS E TECNOLOGIA L - Mśtuo KPL||
|I200|1049|30092024|9|N||
|I250|42301010005||9|D|0||TARIFA BANCARIA TRANSF PGTO PIX - Despesas Bancįrias||
|I250|11102010002||9|C|0||TARIFA BANCARIA TRANSF PGTO PIX - Despesas Bancįrias||
|I200|1050|30092024|123,85|N||
|I250|31101020003||123,85|D|0||GASTOS MAN.RELACION-Despesa Manutenēćo Las Piedras||
|I250|11101010001||123,85|C|0||GASTOS MAN.RELACION-Despesa Manutenēćo Las Piedras||
|I200|1051|01102024|0,82|N||
|I250|11102010002||0,82|D|0||RENTAB.INVEST FACILCRED* - Aplic/Resgate||
|I250|11104030002||0,82|C|0||RENTAB.INVEST FACILCRED* - Aplic/Resgate||
|I200|1052|01102024|1,27|N||
|I250|11102010002||1,27|D|0||RENTAB.INVEST FACILCRED* - Aplic/Resgate||
|I250|11104030002||1,27|C|0||RENTAB.INVEST FACILCRED* - Aplic/Resgate||
|I200|1053|01102024|3,25|N||
|I250|11102010002||3,25|D|0||RENTAB.INVEST FACILCRED* - Aplic/Resgate||
|I250|11104030002||3,25|C|0||RENTAB.INVEST FACILCRED* - Aplic/Resgate||
|I200|1054|01102024|961,02|N||
|I250|31101020002||961,02|D|0||PAGTO ELETRON COBRANCA COND CAMPOS 011024 - Condominio||
|I250|11102010002||961,02|C|0||PAGTO ELETRON COBRANCA COND CAMPOS 011024 - Condominio||
|I200|1055|01102024|1775,46|N||
|I250|31101020002||1775,46|D|0||PAGTO ELETRON COBRANCA MARE 088 - Condominio||
|I250|11102010002||1775,46|C|0||PAGTO ELETRON COBRANCA MARE 088 - Condominio||
|I200|1056|01102024|1775,46|N||
|I250|31101020002||1775,46|D|0||PAGTO ELETRON COBRANCA MARE 062 - Condominio||
|I250|11102010002||1775,46|C|0||PAGTO ELETRON COBRANCA MARE 062 - Condominio||
|I200|1057|01102024|1775,46|N||
|I250|31101020002||1775,46|D|0||PAGTO ELETRON COBRANCA MARE 092 - Condominio||
|I250|11102010002||1775,46|C|0||PAGTO ELETRON COBRANCA MARE 092 - Condominio||
|I200|1058|01102024|477,7|N||
|I250|31101020002||477,7|D|0||PAGTO ELETRON COBRANCA COND FLORIPA 011024 - Condominio||
|I250|11102010002||477,7|C|0||PAGTO ELETRON COBRANCA COND FLORIPA 011024 - Condominio||
|I200|1059|01102024|2500|N||
|I250|42103010040||2500|D|0||TRANSF CC PARA CC PJ AZITA MARIA DA SILVERIO - Ajuda de Custo||
|I250|11102010002||2500|C|0||TRANSF CC PARA CC PJ AZITA MARIA DA SILVERIO - Ajuda de Custo||
|I200|1060|01102024|2000|N||
|I250|31101020003||2000|D|0||TRANSFERENCIA PIX DES: LUIZ CARLOS DA SILVA 01/10 - Manutenēćo e Conservaēćo||
|I250|11102010002||2000|C|0||TRANSFERENCIA PIX DES: LUIZ CARLOS DA SILVA 01/10 - Manutenēćo e Conservaēćo||
|I200|1061|01102024|3494|N||
|I250|31101020003||3494|D|0||TRANSFERENCIA PIX DES: MARIA CRISTINA RAYMUN 01/10 - Manutenēćo e Conservaēćo||
|I250|11102010002||3494|C|0||TRANSFERENCIA PIX DES: MARIA CRISTINA RAYMUN 01/10 - Manutenēćo e Conservaēćo||
|I200|1062|01102024|1980|N||
|I250|31101020003||1980|D|0||TRANSFERENCIA PIX DES: CARLOS ROBERTO DE OLI 01/10 - Manutenēćo e Conservaēćo||
|I250|11102010002||1980|C|0||TRANSFERENCIA PIX DES: CARLOS ROBERTO DE OLI 01/10 - Manutenēćo e Conservaēćo||
|I200|1063|01102024|1928|N||
|I250|31101020003||1928|D|0||TRANSFERENCIA PIX DES: Eva Koch Santos    01/10 - Manutenēćo e Conservaēćo||
|I250|11102010002||1928|C|0||TRANSFERENCIA PIX DES: Eva Koch Santos    01/10 - Manutenēćo e Conservaēćo||
|I200|1064|01102024|1743|N||
|I250|42103010040||1743|D|0||TRANSFERENCIA PIX DES: CLAUDIA GOMES     01/10 - Ajuda de Custo||
|I250|11102010002||1743|C|0||TRANSFERENCIA PIX DES: CLAUDIA GOMES     01/10 - Ajuda de Custo||
|I200|1065|02102024|0,24|N||
|I250|11102010002||0,24|D|0||RENTAB.INVEST FACILCRED* - Aplic/Resgate||
|I250|11104030002||0,24|C|0||RENTAB.INVEST FACILCRED* - Aplic/Resgate||
|I200|1066|02102024|0,21|N||
|I250|11102010002||0,21|D|0||RENTAB.INVEST FACILCRED* - Aplic/Resgate||
|I250|11104030002||0,21|C|0||RENTAB.INVEST FACILCRED* - Aplic/Resgate||
|I200|1067|02102024|1,21|N||
|I250|11102010002||1,21|D|0||RENTAB.INVEST FACILCRED* - Aplic/Resgate||
|I250|11104030002||1,21|C|0||RENTAB.INVEST FACILCRED* - Aplic/Resgate||
|I200|1068|02102024|5692,07|N||
|I250|31101020002||5692,07|D|0||PAGTO ELETRON COBRANCA COND PALAIS ROYAL 051024 - Condominio||
|I250|11102010002||5692,07|C|0||PAGTO ELETRON COBRANCA COND PALAIS ROYAL 051024 - Condominio||
|I200|1069|02102024|160,89|N||
|I250|42103010033||160,89|D|0||PAGTO ELETRON COBRANCA ALARME CAMPOS 051024 - Seguranēa||
|I250|11102010002||160,89|C|0||PAGTO ELETRON COBRANCA ALARME CAMPOS 051024 - Seguranēa||
|I200|1070|02102024|2354,82|N||
|I250|42103010031||2354,82|D|0||PAGTO ELETRON COBRANCA SEGURO GJ 021024 - Seguro||
|I250|11102010002||2354,82|C|0||PAGTO ELETRON COBRANCA SEGURO GJ 021024 - Seguro||
|I200|1071|02102024|366,5|N||
|I250|31101020003||366,5|D|0||PAGTO ELETRON COBRANCA R C F M P CONSTRUCAO - Manutenēćo e Conservaēćo||
|I250|11102010002||366,5|C|0||PAGTO ELETRON COBRANCA R C F M P CONSTRUCAO - Manutenēćo e Conservaēćo||
|I200|1072|02102024|99,65|N||
|I250|42103010013||99,65|D|0||PAGTO ELETRON COBRANCA ELEKTRO 4973 - Energia Elétrica||
|I250|11102010002||99,65|C|0||PAGTO ELETRON COBRANCA ELEKTRO 4973 - Energia Elétrica||
|I200|1073|02102024|111,31|N||
|I250|42103010013||111,31|D|0||PAGTO ELETRON COBRANCA ELEKTRO 2504 - Energia Elétrica||
|I250|11102010002||111,31|C|0||PAGTO ELETRON COBRANCA ELEKTRO 2504 - Energia Elétrica||
|I200|1074|02102024|3023,64|N||
|I250|42103010013||3023,64|D|0||PAGTO ELETRON COBRANCA ELEKTRO 3605 - Energia Elétrica||
|I250|11102010002||3023,64|C|0||PAGTO ELETRON COBRANCA ELEKTRO 3605 - Energia Elétrica||
|I200|1075|02102024|106,12|N||
|I250|42103010013||106,12|D|0||PAGTO ELETRON COBRANCA ELEKTRO 8561 - Energia Elétrica||
|I250|11102010002||106,12|C|0||PAGTO ELETRON COBRANCA ELEKTRO 8561 - Energia Elétrica||
|I200|1076|02102024|300|N||
|I250|31101020003||300|D|0||TRANSFERENCIA PIX DES: Antonio Francisco Fur 02/10 - Manutenēćo Cotia||
|I250|11102010002||300|C|0||TRANSFERENCIA PIX DES: Antonio Francisco Fur 02/10 - Manutenēćo Cotia||
|I200|1077|02102024|117,08|N||
|I250|42103010021||117,08|D|0||CONTA DE AGUA E ESGOTO INTERNET --SABESP/SP - Įgua e Esgoto||
|I250|11102010002||117,08|C|0||CONTA DE AGUA E ESGOTO INTERNET --SABESP/SP - Įgua e Esgoto||
|I200|1078|03102024|9|N||
|I250|42301010005||9|D|0||TARIFA BANCARIA TRANSF PGTO PIX - Despesas Bancįrias||
|I250|11102010002||9|C|0||TARIFA BANCARIA TRANSF PGTO PIX - Despesas Bancįrias||
|I200|1079|03102024|9|N||
|I250|42301010005||9|D|0||TARIFA BANCARIA TRANSF PGTO PIX - Despesas Bancįrias||
|I250|11102010002||9|C|0||TARIFA BANCARIA TRANSF PGTO PIX - Despesas Bancįrias||
|I200|1080|03102024|9|N||
|I250|42301010005||9|D|0||TARIFA BANCARIA TRANSF PGTO PIX - Despesas Bancįrias||
|I250|11102010002||9|C|0||TARIFA BANCARIA TRANSF PGTO PIX - Despesas Bancįrias||
|I200|1081|03102024|9|N||
|I250|42301010005||9|D|0||TARIFA BANCARIA TRANSF PGTO PIX - Despesas Bancįrias||
|I250|11102010002||9|C|0||TARIFA BANCARIA TRANSF PGTO PIX - Despesas Bancįrias||
|I200|1082|03102024|9|N||
|I250|42301010005||9|D|0||TARIFA BANCARIA TRANSF PGTO PIX - Despesas Bancįrias||
|I250|11102010002||9|C|0||TARIFA BANCARIA TRANSF PGTO PIX - Despesas Bancįrias||
|I200|1083|04102024|0,05|N||
|I250|11102010002||0,05|D|0||RENTAB.INVEST FACILCRED* - Aplic/Resgate||
|I250|11104030002||0,05|C|0||RENTAB.INVEST FACILCRED* - Aplic/Resgate||
|I200|1084|04102024|4,2|N||
|I250|42301010005||4,2|D|0||TARIFA BANCARIA TRANSF PGTO PIX - Despesas Bancįrias||
|I250|11102010002||4,2|C|0||TARIFA BANCARIA TRANSF PGTO PIX - Despesas Bancįrias||
|I200|1085|04102024|662,46|N||
|I250|42103010020||662,46|D|0||PAGTO ELETRONICO TRIBUTO INTERNET --PMSP SP - ISS||
|I250|11102010002||662,46|C|0||PAGTO ELETRONICO TRIBUTO INTERNET --PMSP SP - ISS||
|I200|1086|07102024|0,05|N||
|I250|11102010002||0,05|D|0||RENTAB.INVEST FACILCRED* - Aplic/Resgate||
|I250|11104030002||0,05|C|0||RENTAB.INVEST FACILCRED* - Aplic/Resgate||
|I200|1087|07102024|500|N||
|I250|31101020003||500|D|0||TRANSFERENCIA PIX DES: Antonio Francisco Fur 07/10 - Manutenēćo Cotia||
|I250|11102010002||500|C|0||TRANSFERENCIA PIX DES: Antonio Francisco Fur 07/10 - Manutenēćo Cotia||
|I200|1088|08102024|8000|N||
|I250|11102010002||8000|D|0||TED-TRANSF ELET DISPON REMET.PAULO J M SILVEIRA - Locaēćo Bertioga||
|I250|31101010001||8000|C|0||TED-TRANSF ELET DISPON REMET.PAULO J M SILVEIRA - Locaēćo Bertioga||
|I200|1089|09102024|7|N||
|I250|42301010005||7|D|0||TARIFA BANCARIA TRANSF PGTO PIX - Despesas Bancįrias||
|I250|11102010002||7|C|0||TARIFA BANCARIA TRANSF PGTO PIX - Despesas Bancįrias||
|I200|1090|10102024|7371,39|N||
|I250|11102010002||7371,39|D|0||TRANSFERENCIA PIX REM: CLASSIC GESTAO ADMINI 10/10 - Locaēćo Ctba||
|I250|31101010001||7371,39|C|0||TRANSFERENCIA PIX REM: CLASSIC GESTAO ADMINI 10/10 - Locaēćo Ctba||
|I200|1091|10102024|1,27|N||
|I250|11102010002||1,27|D|0||RENTAB.INVEST FACILCRED* - Aplic/Resgate||
|I250|11104030002||1,27|C|0||RENTAB.INVEST FACILCRED* - Aplic/Resgate||
|I200|1092|10102024|2213,29|N||
|I250|42101020001||2213,29|D|0||PAGTO ELETRONICO TRIBUTO INTERNET --DOC.ARREC.DO ESOC - Esocial||
|I250|11102010002||2213,29|C|0||PAGTO ELETRONICO TRIBUTO INTERNET --DOC.ARREC.DO ESOC - Esocial||
|I200|1093|10102024|46|N||
|I250|42301010005||46|D|0||CARTAO CREDITO ANUIDADE - Despesas Bancįrias||
|I250|11102010002||46|C|0||CARTAO CREDITO ANUIDADE - Despesas Bancįrias||
|I200|1094|10102024|35000|N||
|I250|22101030021||35000|D|0||TRANSFERENCIA PIX DES: JOSE ROZINEI DA SILVA 10/10 - Mśtuo Nei||
|I250|11102010002||35000|C|0||TRANSFERENCIA PIX DES: JOSE ROZINEI DA SILVA 10/10 - Mśtuo Nei||
|I200|1095|14102024|0,02|N||
|I250|11102010002||0,02|D|0||RENTAB.INVEST FACILCRED* - Aplic/Resgate||
|I250|11104030002||0,02|C|0||RENTAB.INVEST FACILCRED* - Aplic/Resgate||
|I200|1096|14102024|9|N||
|I250|42301010005||9|D|0||TARIFA BANCARIA TRANSF PGTO PIX - Despesas Bancįrias||
|I250|11102010002||9|C|0||TARIFA BANCARIA TRANSF PGTO PIX - Despesas Bancįrias||
|I200|1097|14102024|234,77|N||
|I250|42103010038||234,77|D|0||PAGTO ELETRONICO TRIBUTO NET EMPR LIC ELET DSA8000 - Veķculos||
|I250|11102010002||234,77|C|0||PAGTO ELETRONICO TRIBUTO NET EMPR LIC ELET DSA8000 - Veķculos||
|I200|1098|15102024|0,29|N||
|I250|11102010002||0,29|D|0||RENTAB.INVEST FACILCRED* - Aplic/Resgate||
|I250|11104030002||0,29|C|0||RENTAB.INVEST FACILCRED* - Aplic/Resgate||
|I200|1099|15102024|1091,84|N||
|I250|31101020003||1091,84|D|0||PAGTO ELETRON COBRANCA CONV EVA 151024 - Manutenēćo e Conservaēćo||
|I250|11102010002||1091,84|C|0||PAGTO ELETRON COBRANCA CONV EVA 151024 - Manutenēćo e Conservaēćo||
|I200|1100|15102024|1556,37|N||
|I250|31101020003||1556,37|D|0||PAGTO ELETRON COBRANCA CONV CARLOS 151024 - Manutenēćo e Conservaēćo||
|I250|11102010002||1556,37|C|0||PAGTO ELETRON COBRANCA CONV CARLOS 151024 - Manutenēćo e Conservaēćo||
|I200|1101|15102024|156,1|N||
|I250|42301010005||156,1|D|0||TARIFA BANCARIA Max Empresarial 1 - Despesas Bancįrias||
|I250|11102010002||156,1|C|0||TARIFA BANCARIA Max Empresarial 1 - Despesas Bancįrias||
|I200|1102|15102024|250|N||
|I250|31101020003||250|D|0||TRANSFERENCIA PIX DES: Antonio Francisco Fur 15/10 - Manutenēćo Cotia||
|I250|11102010002||250|C|0||TRANSFERENCIA PIX DES: Antonio Francisco Fur 15/10 - Manutenēćo Cotia||
|I200|1103|15102024|217,1|N||
|I250|42103010035||217,1|D|0||CONTA DE TELEFONE INTERNET --TELEFONICA BRASIL S/ - Telefonia e Dados||
|I250|11102010002||217,1|C|0||CONTA DE TELEFONE INTERNET --TELEFONICA BRASIL S/ - Telefonia e Dados||
|I200|1104|15102024|109,15|N||
|I250|42103010013||109,15|D|0||CONTA DE LUZ INTERNET --ENEL DISTRIBUICAO/SP - Energia Elétrica||
|I250|11102010002||109,15|C|0||CONTA DE LUZ INTERNET --ENEL DISTRIBUICAO/SP - Energia Elétrica||
|I200|1105|16102024|12508,45|N||
|I250|31101020003||12508,45|D|0||DEB. CAMBIOSST....788087-Despesa Manutenēćo Las Piedras||
|I250|11101010001||12508,45|C|0||DEB. CAMBIOSST....788087-Despesa Manutenēćo Las Piedras||
|I200|1106|16102024|123,85|N||
|I250|31101020003||123,85|D|0||DEB. CAMBIOSST....788087-Despesa Manutenēćo Las Piedras||
|I250|11101010001||123,85|C|0||DEB. CAMBIOSST....788087-Despesa Manutenēćo Las Piedras||
|I200|1107|17102024|3,5|N||
|I250|42301010005||3,5|D|0||TARIFA BANCARIA TRANSF PGTO PIX - Despesas Bancįrias||
|I250|11102010002||3,5|C|0||TARIFA BANCARIA TRANSF PGTO PIX - Despesas Bancįrias||
|I200|1108|18102024|19000|N||
|I250|11102010002||19000|D|0||TRANSFERENCIA PIX REM: NOVA RUBILIA INSTITUI 18/10 - Locaēćo Landmark||
|I250|31101010001||19000|C|0||TRANSFERENCIA PIX REM: NOVA RUBILIA INSTITUI 18/10 - Locaēćo Landmark||
|I200|1109|21102024|0,49|N||
|I250|11102010002||0,49|D|0||RENTAB.INVEST FACILCRED* - Aplic/Resgate||
|I250|11104030002||0,49|C|0||RENTAB.INVEST FACILCRED* - Aplic/Resgate||
|I200|1110|21102024|3000|N||
|I250|22101030021||3000|D|0||TRANSFERENCIA PIX DES: JOSE ROZINEI DA SILVA 21/10 - Mśtuo Nei||
|I250|11102010002||3000|C|0||TRANSFERENCIA PIX DES: JOSE ROZINEI DA SILVA 21/10 - Mśtuo Nei||
|I200|1111|23102024|2,31|N||
|I250|11102010002||2,31|D|0||RENTAB.INVEST FACILCRED* - Aplic/Resgate||
|I250|11104030002||2,31|C|0||RENTAB.INVEST FACILCRED* - Aplic/Resgate||
|I200|1112|23102024|10710|N||
|I250|31101020002||10710|D|0||PAGTO ELETRON COBRANCA COND SASIP 251024 - Condominio||
|I250|11102010002||10710|C|0||PAGTO ELETRON COBRANCA COND SASIP 251024 - Condominio||
|I200|1113|23102024|321,14|N||
|I250|42103010001||321,14|D|0||PAGTO ELETRON COBRANCA VIRTUAL OFFICE 231024 - Aluguel||
|I250|11102010002||321,14|C|0||PAGTO ELETRON COBRANCA VIRTUAL OFFICE 231024 - Aluguel||
|I200|1114|23102024|9|N||
|I250|42301010005||9|D|0||TARIFA BANCARIA TRANSF PGTO PIX - Despesas Bancįrias||
|I250|11102010002||9|C|0||TARIFA BANCARIA TRANSF PGTO PIX - Despesas Bancįrias||
|I200|1115|23102024|300|N||
|I250|31101020003||300|D|0||TRANSFERENCIA PIX DES: CARLOS ROBERTO DE OLI 23/10 - Manutenēćo e Conservaēćo||
|I250|11102010002||300|C|0||TRANSFERENCIA PIX DES: CARLOS ROBERTO DE OLI 23/10 - Manutenēćo e Conservaēćo||
|I200|1116|25102024|4,2|N||
|I250|42301010005||4,2|D|0||TARIFA BANCARIA TRANSF PGTO PIX - Despesas Bancįrias||
|I250|11102010002||4,2|C|0||TARIFA BANCARIA TRANSF PGTO PIX - Despesas Bancįrias||
|I200|1117|30102024|0,69|N||
|I250|11102010002||0,69|D|0||RENTAB.INVEST FACILCRED* - Aplic/Resgate||
|I250|11104030002||0,69|C|0||RENTAB.INVEST FACILCRED* - Aplic/Resgate||
|I200|1118|30102024|2031,75|N||
|I250|12301010010||2031,75|D|0||PAGTO ELETRON COBRANCA OBRA GJ NF 420 - Obra Guarujį||
|I250|11102010002||2031,75|C|0||PAGTO ELETRON COBRANCA OBRA GJ NF 420 - Obra Guarujį||
|I200|1119|31102024|1,05|N||
|I250|11102010002||1,05|D|0||RENTAB.INVEST FACILCRED* - Aplic/Resgate||
|I250|11104030002||1,05|C|0||RENTAB.INVEST FACILCRED* - Aplic/Resgate||
|I200|1120|31102024|14,4|N||
|I250|11102010002||14,4|D|0||RENTAB.INVEST FACILCRED* - Aplic/Resgate||
|I250|11104030002||14,4|C|0||RENTAB.INVEST FACILCRED* - Aplic/Resgate||
|I200|1121|31102024|28510,85|N||
|I250|42101010006||28510,85|D|0||PAGTO ELETRON COBRANCA CONVENIO CLAUDIA 311024 - Assistźncia Médica||
|I250|11102010002||28510,85|C|0||PAGTO ELETRON COBRANCA CONVENIO CLAUDIA 311024 - Assistźncia Médica||
|I200|1122|31102024|14838,89|N||
|I250|42101010006||14838,89|D|0||PAGTO ELETRON COBRANCA CONVENIO NEI 311024 - Assistźncia Médica||
|I250|11102010002||14838,89|C|0||PAGTO ELETRON COBRANCA CONVENIO NEI 311024 - Assistźncia Médica||
|I200|1123|31102024|891,16|N||
|I250|42101020001||891,16|D|0||PAGTO ELETRONICO TRIBUTO INTERNET --DOC.ARREC.DO ESOCIAL - Esocial||
|I250|11102010002||891,16|C|0||PAGTO ELETRONICO TRIBUTO INTERNET --DOC.ARREC.DO ESOCIAL - Esocial||
|I200|1124|31102024|888,39|N||
|I250|42101020001||888,39|D|0||PAGTO ELETRONICO TRIBUTO INTERNET --DOC.ARREC.DO ESOCIAL - Esocial||
|I250|11102010002||888,39|C|0||PAGTO ELETRONICO TRIBUTO INTERNET --DOC.ARREC.DO ESOCIAL - Esocial||
|I200|1125|31102024|250|N||
|I250|31101020003||250|D|0||TRANSFERENCIA PIX DES: Antonio Francisco Fur 31/10 - Manutenēćo Cotia||
|I250|11102010002||250|C|0||TRANSFERENCIA PIX DES: Antonio Francisco Fur 31/10 - Manutenēćo Cotia||
|I200|1126|31102024|123,85|N||
|I250|31101020003||123,85|D|0||GASTOS MAN.RELACION-Despesa Manutenēćo Las Piedras||
|I250|11101010001||123,85|C|0||GASTOS MAN.RELACION-Despesa Manutenēćo Las Piedras||
|I200|1127|01112024|96000|N||
|I250|11102010002||96000|D|0||TRANSF CC PARA CC PJ KIPSTONE SERVICOS E TECNOLOGIA L - Mśtuo KPL||
|I250|22101030018||96000|C|0||TRANSF CC PARA CC PJ KIPSTONE SERVICOS E TECNOLOGIA L - Mśtuo KPL||
|I200|1128|01112024|106,14|N||
|I250|42103010013||106,14|D|0||PAGTO ELETRON COBRANCA ELEKTRO 2504 - Energia Elétrica||
|I250|11102010002||106,14|C|0||PAGTO ELETRON COBRANCA ELEKTRO 2504 - Energia Elétrica||
|I200|1129|01112024|1112,12|N||
|I250|42103010013||1112,12|D|0||PAGTO ELETRON COBRANCA ELEKTRO 3605 - Energia Elétrica||
|I250|11102010002||1112,12|C|0||PAGTO ELETRON COBRANCA ELEKTRO 3605 - Energia Elétrica||
|I200|1130|01112024|961,02|N||
|I250|31101020002||961,02|D|0||PAGTO ELETRON COBRANCA COND CAMPOS 011124 - Condominio||
|I250|11102010002||961,02|C|0||PAGTO ELETRON COBRANCA COND CAMPOS 011124 - Condominio||
|I200|1131|01112024|1775,46|N||
|I250|31101020002||1775,46|D|0||PAGTO ELETRON COBRANCA MARE 088 - Condominio||
|I250|11102010002||1775,46|C|0||PAGTO ELETRON COBRANCA MARE 088 - Condominio||
|I200|1132|01112024|1775,46|N||
|I250|31101020002||1775,46|D|0||PAGTO ELETRON COBRANCA MARE 092 - Condominio||
|I250|11102010002||1775,46|C|0||PAGTO ELETRON COBRANCA MARE 092 - Condominio||
|I200|1133|01112024|1775,46|N||
|I250|31101020002||1775,46|D|0||PAGTO ELETRON COBRANCA MARE 062 - Condominio||
|I250|11102010002||1775,46|C|0||PAGTO ELETRON COBRANCA MARE 062 - Condominio||
|I200|1134|01112024|110,59|N||
|I250|42103010013||110,59|D|0||PAGTO ELETRON COBRANCA ELEKTRO 8561 - Energia Elétrica||
|I250|11102010002||110,59|C|0||PAGTO ELETRON COBRANCA ELEKTRO 8561 - Energia Elétrica||
|I200|1135|01112024|2500|N||
|I250|42103010040||2500|D|0||TRANSF CC PARA CC PJ AZITA MARIA DA SILVERIO - Ajuda de Custo||
|I250|11102010002||2500|C|0||TRANSF CC PARA CC PJ AZITA MARIA DA SILVERIO - Ajuda de Custo||
|I200|1136|01112024|2000|N||
|I250|31101020003||2000|D|0||TRANSFERENCIA PIX DES: LUIZ CARLOS DA SILVA 01/11 - Manutenēćo e Conservaēćo||
|I250|11102010002||2000|C|0||TRANSFERENCIA PIX DES: LUIZ CARLOS DA SILVA 01/11 - Manutenēćo e Conservaēćo||
|I200|1137|01112024|3493|N||
|I250|31101020003||3493|D|0||TRANSFERENCIA PIX DES: MARIA CRISTINA RAYMUN 01/11 - Manutenēćo e Conservaēćo||
|I250|11102010002||3493|C|0||TRANSFERENCIA PIX DES: MARIA CRISTINA RAYMUN 01/11 - Manutenēćo e Conservaēćo||
|I200|1138|01112024|1800|N||
|I250|31101020003||1800|D|0||TRANSFERENCIA PIX DES: MARIA CRISTINA RAYMUN 01/11 - Manutenēćo e Conservaēćo||
|I250|11102010002||1800|C|0||TRANSFERENCIA PIX DES: MARIA CRISTINA RAYMUN 01/11 - Manutenēćo e Conservaēćo||
|I200|1139|01112024|1980|N||
|I250|31101020003||1980|D|0||TRANSFERENCIA PIX DES: CARLOS ROBERTO DE OLI 01/11 - Manutenēćo e Conservaēćo||
|I250|11102010002||1980|C|0||TRANSFERENCIA PIX DES: CARLOS ROBERTO DE OLI 01/11 - Manutenēćo e Conservaēćo||
|I200|1140|01112024|975|N||
|I250|31101020003||975|D|0||TRANSFERENCIA PIX DES: CARLOS ROBERTO DE OLI 01/11 - Manutenēćo e Conservaēćo||
|I250|11102010002||975|C|0||TRANSFERENCIA PIX DES: CARLOS ROBERTO DE OLI 01/11 - Manutenēćo e Conservaēćo||
|I200|1141|01112024|1928|N||
|I250|31101020003||1928|D|0||TRANSFERENCIA PIX DES: Eva Koch Santos    01/11 - Manutenēćo e Conservaēćo||
|I250|11102010002||1928|C|0||TRANSFERENCIA PIX DES: Eva Koch Santos    01/11 - Manutenēćo e Conservaēćo||
|I200|1142|01112024|950|N||
|I250|31101020003||950|D|0||TRANSFERENCIA PIX DES: Eva Koch Santos    01/11 - Manutenēćo e Conservaēćo||
|I250|11102010002||950|C|0||TRANSFERENCIA PIX DES: Eva Koch Santos    01/11 - Manutenēćo e Conservaēćo||
|I200|1143|01112024|750|N||
|I250|42101010006||750|D|0||TRANSFERENCIA PIX DES: LEA MINA KATI     01/11 - Assistźncia Médica||
|I250|11102010002||750|C|0||TRANSFERENCIA PIX DES: LEA MINA KATI     01/11 - Assistźncia Médica||
|I200|1144|01112024|1000|N||
|I250|42103010040||1000|D|0||TRANSFERENCIA PIX DES: CLAUDIA GOMES     01/11 - Ajuda de Custo||
|I250|11102010002||1000|C|0||TRANSFERENCIA PIX DES: CLAUDIA GOMES     01/11 - Ajuda de Custo||
|I200|1145|01112024|12000|N||
|I250|22101030021||12000|D|0||TRANSFERENCIA PIX DES: JOSE ROZINEI DA SILVA 01/11 - Mśtuo Nei||
|I250|11102010002||12000|C|0||TRANSFERENCIA PIX DES: JOSE ROZINEI DA SILVA 01/11 - Mśtuo Nei||
|I200|1146|04112024|0,77|N||
|I250|11102010002||0,77|D|0||RENTAB.INVEST FACILCRED* - Aplic/Resgate||
|I250|11104030002||0,77|C|0||RENTAB.INVEST FACILCRED* - Aplic/Resgate||
|I200|1147|04112024|0,62|N||
|I250|11102010002||0,62|D|0||RENTAB.INVEST FACILCRED* - Aplic/Resgate||
|I250|11104030002||0,62|C|0||RENTAB.INVEST FACILCRED* - Aplic/Resgate||
|I200|1148|04112024|618|N||
|I250|31101020003||618|D|0||PAGTO ELETRON COBRANCA R C F M P CONSTRUCAO 041124 - Manutenēćo e Conservaēćo||
|I250|11102010002||618|C|0||PAGTO ELETRON COBRANCA R C F M P CONSTRUCAO 041124 - Manutenēćo e Conservaēćo||
|I200|1149|04112024|5692,07|N||
|I250|31101020002||5692,07|D|0||PAGTO ELETRON COBRANCA COND PALAIS ROYAL 041124 - Condominio||
|I250|11102010002||5692,07|C|0||PAGTO ELETRON COBRANCA COND PALAIS ROYAL 041124 - Condominio||
|I200|1150|04112024|103,85|N||
|I250|42103010013||103,85|D|0||PAGTO ELETRON COBRANCA ELEKTRO 4973 - Energia Elétrica||
|I250|11102010002||103,85|C|0||PAGTO ELETRON COBRANCA ELEKTRO 4973 - Energia Elétrica||
|I200|1151|04112024|160,89|N||
|I250|42103010033||160,89|D|0||PAGTO ELETRON COBRANCA ALARME CAMPOS 041124 - Seguranēa||
|I250|11102010002||160,89|C|0||PAGTO ELETRON COBRANCA ALARME CAMPOS 041124 - Seguranēa||
|I200|1152|04112024|3,5|N||
|I250|42301010005||3,5|D|0||TARIFA BANCARIA TRANSF PGTO PIX - Despesas Bancįrias||
|I250|11102010002||3,5|C|0||TARIFA BANCARIA TRANSF PGTO PIX - Despesas Bancįrias||
|I200|1153|04112024|2213,29|N||
|I250|42101020001||2213,29|D|0||PAGTO ELETRONICO TRIBUTO INTERNET --DOC.ARREC.DO ESOC - Esocial||
|I250|11102010002||2213,29|C|0||PAGTO ELETRONICO TRIBUTO INTERNET --DOC.ARREC.DO ESOC - Esocial||
|I200|1154|04112024|300|N||
|I250|31101020003||300|D|0||TRANSFERENCIA PIX DES: Antonio Francisco Fur 04/11 - Manutenēćo Cotia||
|I250|11102010002||300|C|0||TRANSFERENCIA PIX DES: Antonio Francisco Fur 04/11 - Manutenēćo Cotia||
|I200|1155|04112024|115,24|N||
|I250|42103010013||115,24|D|0||CONTA DE LUZ INTERNET --ENEL DISTRIBUICAO - Energia Elétrica||
|I250|11102010002||115,24|C|0||CONTA DE LUZ INTERNET --ENEL DISTRIBUICAO - Energia Elétrica||
|I200|1156|05112024|0,02|N||
|I250|11102010002||0,02|D|0||RENTAB.INVEST FACILCRED* - Aplic/Resgate||
|I250|11104030002||0,02|C|0||RENTAB.INVEST FACILCRED* - Aplic/Resgate||
|I200|1157|05112024|9|N||
|I250|42301010005||9|D|0||TARIFA BANCARIA TRANSF PGTO PIX - Despesas Bancįrias||
|I250|11102010002||9|C|0||TARIFA BANCARIA TRANSF PGTO PIX - Despesas Bancįrias||
|I200|1158|05112024|9|N||
|I250|42301010005||9|D|0||TARIFA BANCARIA TRANSF PGTO PIX - Despesas Bancįrias||
|I250|11102010002||9|C|0||TARIFA BANCARIA TRANSF PGTO PIX - Despesas Bancįrias||
|I200|1159|05112024|9|N||
|I250|42301010005||9|D|0||TARIFA BANCARIA TRANSF PGTO PIX - Despesas Bancįrias||
|I250|11102010002||9|C|0||TARIFA BANCARIA TRANSF PGTO PIX - Despesas Bancįrias||
|I200|1160|05112024|9|N||
|I250|42301010005||9|D|0||TARIFA BANCARIA TRANSF PGTO PIX - Despesas Bancįrias||
|I250|11102010002||9|C|0||TARIFA BANCARIA TRANSF PGTO PIX - Despesas Bancįrias||
|I200|1161|05112024|9|N||
|I250|42301010005||9|D|0||TARIFA BANCARIA TRANSF PGTO PIX - Despesas Bancįrias||
|I250|11102010002||9|C|0||TARIFA BANCARIA TRANSF PGTO PIX - Despesas Bancįrias||
|I200|1162|05112024|9|N||
|I250|42301010005||9|D|0||TARIFA BANCARIA TRANSF PGTO PIX - Despesas Bancįrias||
|I250|11102010002||9|C|0||TARIFA BANCARIA TRANSF PGTO PIX - Despesas Bancįrias||
|I200|1163|05112024|9|N||
|I250|42301010005||9|D|0||TARIFA BANCARIA TRANSF PGTO PIX - Despesas Bancįrias||
|I250|11102010002||9|C|0||TARIFA BANCARIA TRANSF PGTO PIX - Despesas Bancįrias||
|I200|1164|05112024|9|N||
|I250|42301010005||9|D|0||TARIFA BANCARIA TRANSF PGTO PIX - Despesas Bancįrias||
|I250|11102010002||9|C|0||TARIFA BANCARIA TRANSF PGTO PIX - Despesas Bancįrias||
|I200|1165|05112024|9|N||
|I250|42301010005||9|D|0||TARIFA BANCARIA TRANSF PGTO PIX - Despesas Bancįrias||
|I250|11102010002||9|C|0||TARIFA BANCARIA TRANSF PGTO PIX - Despesas Bancįrias||
|I200|1166|05112024|9|N||
|I250|42301010005||9|D|0||TARIFA BANCARIA TRANSF PGTO PIX - Despesas Bancįrias||
|I250|11102010002||9|C|0||TARIFA BANCARIA TRANSF PGTO PIX - Despesas Bancįrias||
|I200|1167|06112024|4,2|N||
|I250|42301010005||4,2|D|0||TARIFA BANCARIA TRANSF PGTO PIX - Despesas Bancįrias||
|I250|11102010002||4,2|C|0||TARIFA BANCARIA TRANSF PGTO PIX - Despesas Bancįrias||
|I200|1168|08112024|8000|N||
|I250|11102010002||8000|D|0||TED-TRANSF ELET DISPON REMET.PAULO J M SILVEIRA - Locaēćo Bertioga||
|I250|31101010001||8000|C|0||TED-TRANSF ELET DISPON REMET.PAULO J M SILVEIRA - Locaēćo Bertioga||
|I200|1169|08112024|429|N||
|I250|31101020003||429|D|0||TRANSFERENCIA PIX DES: Antonio Francisco Fur 08/11 - Manutenēćo Cotia||
|I250|11102010002||429|C|0||TRANSFERENCIA PIX DES: Antonio Francisco Fur 08/11 - Manutenēćo Cotia||
|I200|1170|11112024|0,13|N||
|I250|11102010002||0,13|D|0||RENTAB.INVEST FACILCRED* - Aplic/Resgate||
|I250|11104030002||0,13|C|0||RENTAB.INVEST FACILCRED* - Aplic/Resgate||
|I200|1171|11112024|578,94|N||
|I250|31101020002||578,94|D|0||PAGTO ELETRON COBRANCA COND FLORIPA 111124 - Condominio||
|I250|11102010002||578,94|C|0||PAGTO ELETRON COBRANCA COND FLORIPA 111124 - Condominio||
|I200|1172|11112024|46|N||
|I250|42301010005||46|D|0||CARTAO CREDITO ANUIDADE - Despesas Bancįrias||
|I250|11102010002||46|C|0||CARTAO CREDITO ANUIDADE - Despesas Bancįrias||
|I200|1173|12112024|6|N||
|I250|42301010005||6|D|0||TARIFA BANCARIA TRANSF PGTO PIX - Despesas Bancįrias||
|I250|11102010002||6|C|0||TARIFA BANCARIA TRANSF PGTO PIX - Despesas Bancįrias||
|I200|1174|12112024|774,04|N||
|I250|31101020003||774,04|D|0||TRASPASO A 2209481ILINK-Despesa Manutenēćo Las Piedras||
|I250|11101010001||774,04|C|0||TRASPASO A 2209481ILINK-Despesa Manutenēćo Las Piedras||
|I200|1175|13112024|0,05|N||
|I250|11102010002||0,05|D|0||RENTAB.INVEST FACILCRED* - Aplic/Resgate||
|I250|11104030002||0,05|C|0||RENTAB.INVEST FACILCRED* - Aplic/Resgate||
|I200|1176|13112024|217,1|N||
|I250|42103010035||217,1|D|0||CONTA DE TELEFONE INTERNET --TELEFONICA BRASIL S/ - Telefonia e Dados||
|I250|11102010002||217,1|C|0||CONTA DE TELEFONE INTERNET --TELEFONICA BRASIL S/ - Telefonia e Dados||
|I200|1177|14112024|0,64|N||
|I250|11102010002||0,64|D|0||RENTAB.INVEST FACILCRED* - Aplic/Resgate||
|I250|11104030002||0,64|C|0||RENTAB.INVEST FACILCRED* - Aplic/Resgate||
|I200|1178|14112024|3,16|N||
|I250|11102010002||3,16|D|0||RENTAB.INVEST FACILCRED* - Aplic/Resgate||
|I250|11104030002||3,16|C|0||RENTAB.INVEST FACILCRED* - Aplic/Resgate||
|I200|1179|14112024|156,1|N||
|I250|42301010005||156,1|D|0||TARIFA BANCARIA Max Empresarial 1 - Despesas Bancįrias||
|I250|11102010002||156,1|C|0||TARIFA BANCARIA Max Empresarial 1 - Despesas Bancįrias||
|I200|1180|14112024|17725,68|N||
|I250|42103010038||17725,68|D|0||PAGTO ELETRONICO TRIBUTO INTERNET --SP/SEFAZ-DARE - Veķculos||
|I250|11102010002||17725,68|C|0||PAGTO ELETRONICO TRIBUTO INTERNET --SP/SEFAZ-DARE - Veķculos||
|I200|1181|14112024|1000|N||
|I250|22101030021||1000|D|0||TRANSFERENCIA PIX DES: JOSE ROZINEI DA SILVA 14/11 - Mśtuo Nei||
|I250|11102010002||1000|C|0||TRANSFERENCIA PIX DES: JOSE ROZINEI DA SILVA 14/11 - Mśtuo Nei||
|I200|1182|14112024|3000|N||
|I250|31101020003||3000|D|0||TRANSFERENCIA PIX DES: PATRICIA LIMA DA SILV 14/11 - Manutenēćo e Conservaēćo||
|I250|11102010002||3000|C|0||TRANSFERENCIA PIX DES: PATRICIA LIMA DA SILV 14/11 - Manutenēćo e Conservaēćo||
|I200|1183|14112024|95787,14|N||
|I250|11101010001||95787,14|D|0||CRE. CAMBIOSOP....708085-Despesa Manutenēćo Las Piedras||
|I250|31101010001||95787,14|C|0||CRE. CAMBIOSOP....708085-Despesa Manutenēćo Las Piedras||
|I200|1184|15112024|37153,8|N||
|I250|31101020003||37153,8|D|0||DEB. CAMBIOSST....285014-Despesa Manutenēćo Las Piedras||
|I250|11101010001||37153,8|C|0||DEB. CAMBIOSST....285014-Despesa Manutenēćo Las Piedras||
|I200|1185|15112024|123,85|N||
|I250|31101020003||123,85|D|0||DEB. CAMBIOSST....285014-Despesa Manutenēćo Las Piedras||
|I250|11101010001||123,85|C|0||DEB. CAMBIOSST....285014-Despesa Manutenēćo Las Piedras||
|I200|1186|18112024|6963,23|N||
|I250|11102010002||6963,23|D|0||TRANSFERENCIA PIX REM: QUATRO VENTOS ADMINIS 18/11 - Locaēćo Ctba||
|I250|31101010001||6963,23|C|0||TRANSFERENCIA PIX REM: QUATRO VENTOS ADMINIS 18/11 - Locaēćo Ctba||
|I200|1187|19112024|0,31|N||
|I250|11102010002||0,31|D|0||RENTAB.INVEST FACILCRED* - Aplic/Resgate||
|I250|11104030002||0,31|C|0||RENTAB.INVEST FACILCRED* - Aplic/Resgate||
|I200|1188|19112024|1556,37|N||
|I250|31101020003||1556,37|D|0||PAGTO ELETRON COBRANCA CONV CARLOS - Manutenēćo e Conservaēćo||
|I250|11102010002||1556,37|C|0||PAGTO ELETRON COBRANCA CONV CARLOS - Manutenēćo e Conservaēćo||
|I200|1189|19112024|1091,84|N||
|I250|31101020003||1091,84|D|0||PAGTO ELETRON COBRANCA CONV EVA - Manutenēćo e Conservaēćo||
|I250|11102010002||1091,84|C|0||PAGTO ELETRON COBRANCA CONV EVA - Manutenēćo e Conservaēćo||
|I200|1190|19112024|9|N||
|I250|42301010005||9|D|0||TARIFA BANCARIA TRANSF PGTO PIX - Despesas Bancįrias||
|I250|11102010002||9|C|0||TARIFA BANCARIA TRANSF PGTO PIX - Despesas Bancįrias||
|I200|1191|19112024|9|N||
|I250|42301010005||9|D|0||TARIFA BANCARIA TRANSF PGTO PIX - Despesas Bancįrias||
|I250|11102010002||9|C|0||TARIFA BANCARIA TRANSF PGTO PIX - Despesas Bancįrias||
|I200|1192|19112024|268,69|N||
|I250|31101020003||268,69|D|0||TRANSFERENCIA PIX DES: Antonio Francisco Fur 19/11 - Manutenēćo Cotia||
|I250|11102010002||268,69|C|0||TRANSFERENCIA PIX DES: Antonio Francisco Fur 19/11 - Manutenēćo Cotia||
|I200|1193|21112024|1,44|N||
|I250|11102010002||1,44|D|0||RENTAB.INVEST FACILCRED* - Aplic/Resgate||
|I250|11104030002||1,44|C|0||RENTAB.INVEST FACILCRED* - Aplic/Resgate||
|I200|1194|21112024|10710|N||
|I250|31101020002||10710|D|0||PAGTO ELETRON COBRANCA COND SASIP 201124 - Condominio||
|I250|11102010002||10710|C|0||PAGTO ELETRON COBRANCA COND SASIP 201124 - Condominio||
|I200|1195|21112024|321,14|N||
|I250|42103010001||321,14|D|0||PAGTO ELETRON COBRANCA VIRTUAL OFFICE 211124 - Aluguel||
|I250|11102010002||321,14|C|0||PAGTO ELETRON COBRANCA VIRTUAL OFFICE 211124 - Aluguel||
|I200|1196|21112024|114,45|N||
|I250|42103010021||114,45|D|0||CONTA DE AGUA E ESGOTO INTERNET --SABESP/SP - Įgua e Esgoto||
|I250|11102010002||114,45|C|0||CONTA DE AGUA E ESGOTO INTERNET --SABESP/SP - Įgua e Esgoto||
|I200|1197|22112024|2,2|N||
|I250|11102010002||2,2|D|0||RENTAB.INVEST FACILCRED* - Aplic/Resgate||
|I250|11104030002||2,2|C|0||RENTAB.INVEST FACILCRED* - Aplic/Resgate||
|I200|1198|22112024|3,76|N||
|I250|42301010005||3,76|D|0||TARIFA BANCARIA TRANSF PGTO PIX - Despesas Bancįrias||
|I250|11102010002||3,76|C|0||TARIFA BANCARIA TRANSF PGTO PIX - Despesas Bancįrias||
|I200|1199|22112024|15000|N||
|I250|12301010010||15000|D|0||TRANSFERENCIA PIX DES: HELIO NOVAES     22/11 - Obra Guarujį||
|I250|11102010002||15000|C|0||TRANSFERENCIA PIX DES: HELIO NOVAES     22/11 - Obra Guarujį||
|I200|1200|22112024|30961,5|N||
|I250|31101020003||30961,5|D|0||DEB. CAMBIOSST....386865-Despesa Manutenēćo Las Piedras||
|I250|11101010001||30961,5|C|0||DEB. CAMBIOSST....386865-Despesa Manutenēćo Las Piedras||
|I200|1201|22112024|123,85|N||
|I250|31101020003||123,85|D|0||DEB. CAMBIOSST....386865-Despesa Manutenēćo Las Piedras||
|I250|11101010001||123,85|C|0||DEB. CAMBIOSST....386865-Despesa Manutenēćo Las Piedras||
|I200|1202|26112024|0,02|N||
|I250|11102010002||0,02|D|0||RENTAB.INVEST FACILCRED* - Aplic/Resgate||
|I250|11104030002||0,02|C|0||RENTAB.INVEST FACILCRED* - Aplic/Resgate||
|I200|1203|26112024|111,15|N||
|I250|12301010010||111,15|D|0||PAGTO ELETRON COBRANCA OBRA GJ MERCADO LIVRE - Obra Guarujį||
|I250|11102010002||111,15|C|0||PAGTO ELETRON COBRANCA OBRA GJ MERCADO LIVRE - Obra Guarujį||
|I200|1204|26112024|9|N||
|I250|42301010005||9|D|0||TARIFA BANCARIA TRANSF PGTO PIX - Despesas Bancįrias||
|I250|11102010002||9|C|0||TARIFA BANCARIA TRANSF PGTO PIX - Despesas Bancįrias||
|I200|1205|26112024|5051,62|N||
|I250|31101020003||5051,62|D|0||DEB. CAMBIOSST....428769-Despesa Manutenēćo Las Piedras||
|I250|11101010001||5051,62|C|0||DEB. CAMBIOSST....428769-Despesa Manutenēćo Las Piedras||
|I200|1206|26112024|123,85|N||
|I250|31101020003||123,85|D|0||DEB. CAMBIOSST....428769-Despesa Manutenēćo Las Piedras||
|I250|11101010001||123,85|C|0||DEB. CAMBIOSST....428769-Despesa Manutenēćo Las Piedras||
|I200|1207|29112024|19000|N||
|I250|11102010002||19000|D|0||TRANSFERENCIA PIX REM: NOVA RUBILIA INSTITUI 29/11 - Locaēćo Landmark||
|I250|31101010001||19000|C|0||TRANSFERENCIA PIX REM: NOVA RUBILIA INSTITUI 29/11 - Locaēćo Landmark||
|I200|1208|29112024|123,85|N||
|I250|31101020003||123,85|D|0||GASTOS MAN.RELACION-Despesa Manutenēćo Las Piedras||
|I250|11101010001||123,85|C|0||GASTOS MAN.RELACION-Despesa Manutenēćo Las Piedras||
|I200|1209|02122024|107000|N||
|I250|11102010002||107000|D|0||TRANSF CC PARA CC PJ KIPSTONE SERVICOS E TECNOLOGIA L - Mśtuo KPL||
|I250|22101030018||107000|C|0||TRANSF CC PARA CC PJ KIPSTONE SERVICOS E TECNOLOGIA L - Mśtuo KPL||
|I200|1210|02122024|961,02|N||
|I250|31101020002||961,02|D|0||PAGTO ELETRON COBRANCA COND CAMPOS 021224 - Condominio||
|I250|11102010002||961,02|C|0||PAGTO ELETRON COBRANCA COND CAMPOS 021224 - Condominio||
|I200|1211|02122024|1775,46|N||
|I250|31101020002||1775,46|D|0||PAGTO ELETRON COBRANCA MARE 062 - Condominio||
|I250|11102010002||1775,46|C|0||PAGTO ELETRON COBRANCA MARE 062 - Condominio||
|I200|1212|02122024|1775,46|N||
|I250|31101020002||1775,46|D|0||PAGTO ELETRON COBRANCA MARE 088 - Condominio||
|I250|11102010002||1775,46|C|0||PAGTO ELETRON COBRANCA MARE 088 - Condominio||
|I200|1213|02122024|1775,46|N||
|I250|31101020002||1775,46|D|0||PAGTO ELETRON COBRANCA MARE 092 - Condominio||
|I250|11102010002||1775,46|C|0||PAGTO ELETRON COBRANCA MARE 092 - Condominio||
|I200|1214|02122024|32042,89|N||
|I250|42101010006||32042,89|D|0||PAGTO ELETRON COBRANCA CONVENIO CLAUDIA 021224 - Assistźncia Médica||
|I250|11102010002||32042,89|C|0||PAGTO ELETRON COBRANCA CONVENIO CLAUDIA 021224 - Assistźncia Médica||
|I200|1215|02122024|105,69|N||
|I250|42103010013||105,69|D|0||PAGTO ELETRON COBRANCA ELEKTRO 2504 - Energia Elétrica||
|I250|11102010002||105,69|C|0||PAGTO ELETRON COBRANCA ELEKTRO 2504 - Energia Elétrica||
|I200|1216|02122024|2500|N||
|I250|42103010040||2500|D|0||TRANSF CC PARA CC PJ AZITA MARIA DA SILVERIO - Ajuda de Custo||
|I250|11102010002||2500|C|0||TRANSF CC PARA CC PJ AZITA MARIA DA SILVERIO - Ajuda de Custo||
|I200|1217|02122024|300|N||
|I250|31101020003||300|D|0||TRANSFERENCIA PIX DES: Antonio Francisco Fur 02/12 - Manutenēćo Cotia||
|I250|11102010002||300|C|0||TRANSFERENCIA PIX DES: Antonio Francisco Fur 02/12 - Manutenēćo Cotia||
|I200|1218|02122024|2000|N||
|I250|31101020003||2000|D|0||TRANSFERENCIA PIX DES: LUIZ CARLOS DA SILVA 02/12 - Manutenēćo e Conservaēćo||
|I250|11102010002||2000|C|0||TRANSFERENCIA PIX DES: LUIZ CARLOS DA SILVA 02/12 - Manutenēćo e Conservaēćo||
|I200|1219|02122024|3494|N||
|I250|31101020003||3494|D|0||TRANSFERENCIA PIX DES: MARIA CRISTINA RAYMUN 02/12 - Manutenēćo e Conservaēćo||
|I250|11102010002||3494|C|0||TRANSFERENCIA PIX DES: MARIA CRISTINA RAYMUN 02/12 - Manutenēćo e Conservaēćo||
|I200|1220|02122024|1680|N||
|I250|31101020003||1680|D|0||TRANSFERENCIA PIX DES: CARLOS ROBERTO DE OLI 02/12 - Manutenēćo e Conservaēćo||
|I250|11102010002||1680|C|0||TRANSFERENCIA PIX DES: CARLOS ROBERTO DE OLI 02/12 - Manutenēćo e Conservaēćo||
|I200|1221|02122024|1000|N||
|I250|42103010040||1000|D|0||TRANSFERENCIA PIX DES: CLAUDIA GOMES     02/12 - Ajuda de Custo||
|I250|11102010002||1000|C|0||TRANSFERENCIA PIX DES: CLAUDIA GOMES     02/12 - Ajuda de Custo||
|I200|1222|02122024|1928|N||
|I250|31101020003||1928|D|0||TRANSFERENCIA PIX DES: Eva Koch Santos    02/12 - Manutenēćo e Conservaēćo||
|I250|11102010002||1928|C|0||TRANSFERENCIA PIX DES: Eva Koch Santos    02/12 - Manutenēćo e Conservaēćo||
|I200|1223|02122024|5522,5|N||
|I250|12301010010||5522,5|D|0||TRANSFERENCIA PIX DES: ADELIANO AZEVEDO SANT 02/12 - Obra Guarujį||
|I250|11102010002||5522,5|C|0||TRANSFERENCIA PIX DES: ADELIANO AZEVEDO SANT 02/12 - Obra Guarujį||
|I200|1224|02122024|12000|N||
|I250|22101030021||12000|D|0||TRANSFERENCIA PIX DES: JOSE ROZINEI DA SILVA 02/12 - Mśtuo Nei||
|I250|11102010002||12000|C|0||TRANSFERENCIA PIX DES: JOSE ROZINEI DA SILVA 02/12 - Mśtuo Nei||
|I200|1225|03122024|0,65|N||
|I250|11102010002||0,65|D|0||RENTAB.INVEST FACILCRED* - Aplic/Resgate||
|I250|11104030002||0,65|C|0||RENTAB.INVEST FACILCRED* - Aplic/Resgate||
|I200|1226|03122024|160,89|N||
|I250|42103010033||160,89|D|0||PAGTO ELETRON COBRANCA ALARME CAMPOS 031224 - Seguranēa||
|I250|11102010002||160,89|C|0||PAGTO ELETRON COBRANCA ALARME CAMPOS 031224 - Seguranēa||
|I200|1227|03122024|1863,9|N||
|I250|12301010010||1863,9|D|0||PAGTO ELETRON COBRANCA OBRA GJ MERCADO LIVRE 031224 - Obra Guarujį||
|I250|11102010002||1863,9|C|0||PAGTO ELETRON COBRANCA OBRA GJ MERCADO LIVRE 031224 - Obra Guarujį||
|I200|1228|04122024|4,3|N||
|I250|11102010002||4,3|D|0||RENTAB.INVEST FACILCRED* - Aplic/Resgate||
|I250|11104030002||4,3|C|0||RENTAB.INVEST FACILCRED* - Aplic/Resgate||
|I200|1229|04122024|424,4|N||
|I250|31101020003||424,4|D|0||PAGTO ELETRON COBRANCA R C F M P CONSTRUCAO 041224 - Manutenēćo e Conservaēćo||
|I250|11102010002||424,4|C|0||PAGTO ELETRON COBRANCA R C F M P CONSTRUCAO 041224 - Manutenēćo e Conservaēćo||
|I200|1230|04122024|101,09|N||
|I250|42103010013||101,09|D|0||PAGTO ELETRON COBRANCA ELEKTRO 4973 - Energia Elétrica||
|I250|11102010002||101,09|C|0||PAGTO ELETRON COBRANCA ELEKTRO 4973 - Energia Elétrica||
|I200|1231|04122024|640,67|N||
|I250|42103010013||640,67|D|0||PAGTO ELETRON COBRANCA ELEKTRO 3605 - Energia Elétrica||
|I250|11102010002||640,67|C|0||PAGTO ELETRON COBRANCA ELEKTRO 3605 - Energia Elétrica||
|I200|1232|04122024|107,65|N||
|I250|42103010013||107,65|D|0||PAGTO ELETRON COBRANCA ELEKTRO 8561 - Energia Elétrica||
|I250|11102010002||107,65|C|0||PAGTO ELETRON COBRANCA ELEKTRO 8561 - Energia Elétrica||
|I200|1233|04122024|5692,07|N||
|I250|31101020002||5692,07|D|0||PAGTO ELETRON COBRANCA COND PALAIS ROYAL 041224 - Condominio||
|I250|11102010002||5692,07|C|0||PAGTO ELETRON COBRANCA COND PALAIS ROYAL 041224 - Condominio||
|I200|1234|04122024|4,2|N||
|I250|42301010005||4,2|D|0||TARIFA BANCARIA TRANSF PGTO PIX - Despesas Bancįrias||
|I250|11102010002||4,2|C|0||TARIFA BANCARIA TRANSF PGTO PIX - Despesas Bancįrias||
|I200|1235|04122024|9|N||
|I250|42301010005||9|D|0||TARIFA BANCARIA TRANSF PGTO PIX - Despesas Bancįrias||
|I250|11102010002||9|C|0||TARIFA BANCARIA TRANSF PGTO PIX - Despesas Bancįrias||
|I200|1236|04122024|9|N||
|I250|42301010005||9|D|0||TARIFA BANCARIA TRANSF PGTO PIX - Despesas Bancįrias||
|I250|11102010002||9|C|0||TARIFA BANCARIA TRANSF PGTO PIX - Despesas Bancįrias||
|I200|1237|04122024|9|N||
|I250|42301010005||9|D|0||TARIFA BANCARIA TRANSF PGTO PIX - Despesas Bancįrias||
|I250|11102010002||9|C|0||TARIFA BANCARIA TRANSF PGTO PIX - Despesas Bancįrias||
|I200|1238|04122024|9|N||
|I250|42301010005||9|D|0||TARIFA BANCARIA TRANSF PGTO PIX - Despesas Bancįrias||
|I250|11102010002||9|C|0||TARIFA BANCARIA TRANSF PGTO PIX - Despesas Bancįrias||
|I200|1239|04122024|9|N||
|I250|42301010005||9|D|0||TARIFA BANCARIA TRANSF PGTO PIX - Despesas Bancįrias||
|I250|11102010002||9|C|0||TARIFA BANCARIA TRANSF PGTO PIX - Despesas Bancįrias||
|I200|1240|04122024|9|N||
|I250|42301010005||9|D|0||TARIFA BANCARIA TRANSF PGTO PIX - Despesas Bancįrias||
|I250|11102010002||9|C|0||TARIFA BANCARIA TRANSF PGTO PIX - Despesas Bancįrias||
|I200|1241|04122024|9|N||
|I250|42301010005||9|D|0||TARIFA BANCARIA TRANSF PGTO PIX - Despesas Bancįrias||
|I250|11102010002||9|C|0||TARIFA BANCARIA TRANSF PGTO PIX - Despesas Bancįrias||
|I200|1242|04122024|2633,29|N||
|I250|42101020001||2633,29|D|0||PAGTO ELETRONICO TRIBUTO INTERNET --DOC.ARREC.DO ESOC - Esocial||
|I250|11102010002||2633,29|C|0||PAGTO ELETRONICO TRIBUTO INTERNET --DOC.ARREC.DO ESOC - Esocial||
|I200|1243|04122024|826,8|N||
|I250|31101020003||826,8|D|0||TRANSFERENCIA PIX DES: CARLOS ROBERTO DE OLI 04/12 - Manutenēćo e Conservaēćo||
|I250|11102010002||826,8|C|0||TRANSFERENCIA PIX DES: CARLOS ROBERTO DE OLI 04/12 - Manutenēćo e Conservaēćo||
|I200|1244|04122024|804,48|N||
|I250|31101020003||804,48|D|0||TRANSFERENCIA PIX DES: Eva Koch Santos    04/12 - Manutenēćo e Conservaēćo||
|I250|11102010002||804,48|C|0||TRANSFERENCIA PIX DES: Eva Koch Santos    04/12 - Manutenēćo e Conservaēćo||
|I200|1245|04122024|1274,72|N||
|I250|31101020003||1274,72|D|0||TRANSFERENCIA PIX DES: MARIA CRISTINA RAYMUN 04/12 - Manutenēćo e Conservaēćo||
|I250|11102010002||1274,72|C|0||TRANSFERENCIA PIX DES: MARIA CRISTINA RAYMUN 04/12 - Manutenēćo e Conservaēćo||
|I200|1246|04122024|114,45|N||
|I250|42103010021||114,45|D|0||CONTA DE AGUA E ESGOTO INTERNET --SABESP/SP - Įgua e Esgoto||
|I250|11102010002||114,45|C|0||CONTA DE AGUA E ESGOTO INTERNET --SABESP/SP - Įgua e Esgoto||
|I200|1247|06122024|0,69|N||
|I250|11102010002||0,69|D|0||RENTAB.INVEST FACILCRED* - Aplic/Resgate||
|I250|11104030002||0,69|C|0||RENTAB.INVEST FACILCRED* - Aplic/Resgate||
|I200|1248|06122024|9|N||
|I250|42301010005||9|D|0||TARIFA BANCARIA TRANSF PGTO PIX - Despesas Bancįrias||
|I250|11102010002||9|C|0||TARIFA BANCARIA TRANSF PGTO PIX - Despesas Bancįrias||
|I200|1249|06122024|9|N||
|I250|42301010005||9|D|0||TARIFA BANCARIA TRANSF PGTO PIX - Despesas Bancįrias||
|I250|11102010002||9|C|0||TARIFA BANCARIA TRANSF PGTO PIX - Despesas Bancįrias||
|I200|1250|06122024|9|N||
|I250|42301010005||9|D|0||TARIFA BANCARIA TRANSF PGTO PIX - Despesas Bancįrias||
|I250|11102010002||9|C|0||TARIFA BANCARIA TRANSF PGTO PIX - Despesas Bancįrias||
|I200|1251|06122024|450|N||
|I250|31101020003||450|D|0||TRANSFERENCIA PIX DES: Antonio Francisco Fur 06/12 - Manutenēćo Cotia||
|I250|11102010002||450|C|0||TRANSFERENCIA PIX DES: Antonio Francisco Fur 06/12 - Manutenēćo Cotia||
|I200|1252|06122024|1100|N||
|I250|12301010010||1100|D|0||TRANSFERENCIA PIX DES: JOYCE MARION ZORGDRAG 06/12 - Obra Guarujį||
|I250|11102010002||1100|C|0||TRANSFERENCIA PIX DES: JOYCE MARION ZORGDRAG 06/12 - Obra Guarujį||
|I200|1253|06122024|300|N||
|I250|31101020003||300|D|0||TRANSFERENCIA PIX DES: LUIZ CLAUDIO LIMA AMA 06/12 - Manutenēćo e Conservaēćo||
|I250|11102010002||300|C|0||TRANSFERENCIA PIX DES: LUIZ CLAUDIO LIMA AMA 06/12 - Manutenēćo e Conservaēćo||
|I200|1254|09122024|8000|N||
|I250|11102010002||8000|D|0||TED-TRANSF ELET DISPON REMET.PAULO J M SILVEIRA - Locaēćo Bertioga||
|I250|31101010001||8000|C|0||TED-TRANSF ELET DISPON REMET.PAULO J M SILVEIRA - Locaēćo Bertioga||
|I200|1255|10122024|7253,97|N||
|I250|11102010002||7253,97|D|0||TRANSFERENCIA PIX REM: CLASSIC GESTAO ADMINI 10/12 - Locaēćo Ctba||
|I250|31101010001||7253,97|C|0||TRANSFERENCIA PIX REM: CLASSIC GESTAO ADMINI 10/12 - Locaēćo Ctba||
|I200|1256|10122024|549,01|N||
|I250|31101020002||549,01|D|0||PAGTO ELETRON COBRANCA COND FLORIPA 101224 - Condominio||
|I250|11102010002||549,01|C|0||PAGTO ELETRON COBRANCA COND FLORIPA 101224 - Condominio||
|I200|1257|10122024|4,2|N||
|I250|42301010005||4,2|D|0||TARIFA BANCARIA TRANSF PGTO PIX - Despesas Bancįrias||
|I250|11102010002||4,2|C|0||TARIFA BANCARIA TRANSF PGTO PIX - Despesas Bancįrias||
|I200|1258|10122024|6,3|N||
|I250|42301010005||6,3|D|0||TARIFA BANCARIA TRANSF PGTO PIX - Despesas Bancįrias||
|I250|11102010002||6,3|C|0||TARIFA BANCARIA TRANSF PGTO PIX - Despesas Bancįrias||
|I200|1259|10122024|9|N||
|I250|42301010005||9|D|0||TARIFA BANCARIA TRANSF PGTO PIX - Despesas Bancįrias||
|I250|11102010002||9|C|0||TARIFA BANCARIA TRANSF PGTO PIX - Despesas Bancįrias||
|I200|1260|10122024|1299,45|N||
|I250|42101020001||1299,45|D|0||PAGTO ELETRONICO TRIBUTO INTERNET --DOC.ARREC.DO ESOCIAL - Esocial||
|I250|11102010002||1299,45|C|0||PAGTO ELETRONICO TRIBUTO INTERNET --DOC.ARREC.DO ESOCIAL - Esocial||
|I200|1261|10122024|46|N||
|I250|42301010005||46|D|0||CARTAO CREDITO ANUIDADE - Despesas Bancįrias||
|I250|11102010002||46|C|0||CARTAO CREDITO ANUIDADE - Despesas Bancįrias||
|I200|1262|10122024|1235,8|N||
|I250|31101020003||1235,8|D|0||TRANSFERENCIA PIX DES: ED CARLOS DOS SANTOS 10/12 - Manutenēćo e Conservaēćo||
|I250|11102010002||1235,8|C|0||TRANSFERENCIA PIX DES: ED CARLOS DOS SANTOS 10/12 - Manutenēćo e Conservaēćo||
|I200|1263|10122024|217,1|N||
|I250|42103010035||217,1|D|0||CONTA DE TELEFONE INTERNET --TELEFONICA BRASIL S/ - Telefonia e Dados||
|I250|11102010002||217,1|C|0||CONTA DE TELEFONE INTERNET --TELEFONICA BRASIL S/ - Telefonia e Dados||
|I200|1264|11122024|0,25|N||
|I250|11102010002||0,25|D|0||RENTAB.INVEST FACILCRED* - Aplic/Resgate||
|I250|11104030002||0,25|C|0||RENTAB.INVEST FACILCRED* - Aplic/Resgate||
|I200|1265|11122024|600|N||
|I250|12301010010||600|D|0||TRANSFERENCIA PIX DES: NEGO ARTE GESSO LTDA 11/12 - Obra Guarujį||
|I250|11102010002||600|C|0||TRANSFERENCIA PIX DES: NEGO ARTE GESSO LTDA 11/12 - Obra Guarujį||
|I200|1266|12122024|1,2|N||
|I250|11102010002||1,2|D|0||RENTAB.INVEST FACILCRED* - Aplic/Resgate||
|I250|11104030002||1,2|C|0||RENTAB.INVEST FACILCRED* - Aplic/Resgate||
|I200|1267|12122024|1,08|N||
|I250|11102010002||1,08|D|0||RENTAB.INVEST FACILCRED* - Aplic/Resgate||
|I250|11104030002||1,08|C|0||RENTAB.INVEST FACILCRED* - Aplic/Resgate||
|I200|1268|12122024|321,14|N||
|I250|42103010001||321,14|D|0||PAGTO ELETRON COBRANCA VIRTUAL OFFICE 121224 - Aluguel||
|I250|11102010002||321,14|C|0||PAGTO ELETRON COBRANCA VIRTUAL OFFICE 121224 - Aluguel||
|I200|1269|12122024|9|N||
|I250|42301010005||9|D|0||TARIFA BANCARIA TRANSF PGTO PIX - Despesas Bancįrias||
|I250|11102010002||9|C|0||TARIFA BANCARIA TRANSF PGTO PIX - Despesas Bancįrias||
|I200|1270|12122024|5490,05|N||
|I250|12301010010||5490,05|D|0||PIX QR CODE DINAMICO DES: Magazine Luiza Market 12/12 - Obra Guarujį||
|I250|11102010002||5490,05|C|0||PIX QR CODE DINAMICO DES: Magazine Luiza Market 12/12 - Obra Guarujį||
|I200|1271|13122024|1,06|N||
|I250|11102010002||1,06|D|0||RENTAB.INVEST FACILCRED* - Aplic/Resgate||
|I250|11104030002||1,06|C|0||RENTAB.INVEST FACILCRED* - Aplic/Resgate||
|I200|1272|13122024|1556,37|N||
|I250|31101020003||1556,37|D|0||PAGTO ELETRON COBRANCA CONV CARLOS - Manutenēćo e Conservaēćo||
|I250|11102010002||1556,37|C|0||PAGTO ELETRON COBRANCA CONV CARLOS - Manutenēćo e Conservaēćo||
|I200|1273|13122024|1091,84|N||
|I250|31101020003||1091,84|D|0||PAGTO ELETRON COBRANCA CONV EVA - Manutenēćo e Conservaēćo||
|I250|11102010002||1091,84|C|0||PAGTO ELETRON COBRANCA CONV EVA - Manutenēćo e Conservaēćo||
|I200|1274|13122024|171,7|N||
|I250|42301010005||171,7|D|0||TARIFA BANCARIA Max Empresarial 1 - Despesas Bancįrias||
|I250|11102010002||171,7|C|0||TARIFA BANCARIA Max Empresarial 1 - Despesas Bancįrias||
|I200|1275|13122024|8,4|N||
|I250|42301010005||8,4|D|0||TARIFA BANCARIA TRANSF PGTO PIX - Despesas Bancįrias||
|I250|11102010002||8,4|C|0||TARIFA BANCARIA TRANSF PGTO PIX - Despesas Bancįrias||
|I200|1276|17122024|19000|N||
|I250|11102010002||19000|D|0||TRANSFERENCIA PIX REM: NOVA RUBILIA INSTITUI 17/12 - Locaēćo Landmark||
|I250|31101010001||19000|C|0||TRANSFERENCIA PIX REM: NOVA RUBILIA INSTITUI 17/12 - Locaēćo Landmark||
|I200|1277|17122024|250|N||
|I250|31101020003||250|D|0||TRANSFERENCIA PIX DES: Antonio Francisco Fur 17/12 - Manutenēćo Cotia||
|I250|11102010002||250|C|0||TRANSFERENCIA PIX DES: Antonio Francisco Fur 17/12 - Manutenēćo Cotia||
|I200|1278|17122024|1500|N||
|I250|12301010010||1500|D|0||TRANSFERENCIA PIX DES: REGINALDO BERNARDO  17/12 - Obra Guarujį||
|I250|11102010002||1500|C|0||TRANSFERENCIA PIX DES: REGINALDO BERNARDO  17/12 - Obra Guarujį||
|I200|1279|17122024|105|N||
|I250|42103010013||105|D|0||CONTA DE LUZ INTERNET --ENEL DISTRIBUICAO - Energia Elétrica||
|I250|11102010002||105|C|0||CONTA DE LUZ INTERNET --ENEL DISTRIBUICAO - Energia Elétrica||
|I200|1280|18122024|0,6|N||
|I250|11102010002||0,6|D|0||RENTAB.INVEST FACILCRED* - Aplic/Resgate||
|I250|11104030002||0,6|C|0||RENTAB.INVEST FACILCRED* - Aplic/Resgate||
|I200|1281|18122024|1,68|N||
|I250|11102010002||1,68|D|0||RENTAB.INVEST FACILCRED* - Aplic/Resgate||
|I250|11104030002||1,68|C|0||RENTAB.INVEST FACILCRED* - Aplic/Resgate||
|I200|1282|18122024|702,84|N||
|I250|12301010010||702,84|D|0||PAGTO ELETRON COBRANCA OBRA GJ MERCADO LIVRE 181224 - Obra Guarujį||
|I250|11102010002||702,84|C|0||PAGTO ELETRON COBRANCA OBRA GJ MERCADO LIVRE 181224 - Obra Guarujį||
|I200|1283|18122024|5522,5|N||
|I250|12301010010||5522,5|D|0||TRANSFERENCIA PIX DES: ADELIANO AZEVEDO SANT 18/12 - Obra Guarujį||
|I250|11102010002||5522,5|C|0||TRANSFERENCIA PIX DES: ADELIANO AZEVEDO SANT 18/12 - Obra Guarujį||
|I200|1284|19122024|0,59|N||
|I250|11102010002||0,59|D|0||RENTAB.INVEST FACILCRED* - Aplic/Resgate||
|I250|11104030002||0,59|C|0||RENTAB.INVEST FACILCRED* - Aplic/Resgate||
|I200|1285|19122024|3,5|N||
|I250|42301010005||3,5|D|0||TARIFA BANCARIA TRANSF PGTO PIX - Despesas Bancįrias||
|I250|11102010002||3,5|C|0||TARIFA BANCARIA TRANSF PGTO PIX - Despesas Bancįrias||
|I200|1286|19122024|9|N||
|I250|42301010005||9|D|0||TARIFA BANCARIA TRANSF PGTO PIX - Despesas Bancįrias||
|I250|11102010002||9|C|0||TARIFA BANCARIA TRANSF PGTO PIX - Despesas Bancįrias||
|I200|1287|19122024|1600|N||
|I250|42103010038||1600|D|0||TRANSFERENCIA PIX DES: OSMAR PERRONE DE OLIV 19/12 - Manutenēćo Veķculos||
|I250|11102010002||1600|C|0||TRANSFERENCIA PIX DES: OSMAR PERRONE DE OLIV 19/12 - Manutenēćo Veķculos||
|I200|1288|20122024|2,04|N||
|I250|11102010002||2,04|D|0||RENTAB.INVEST FACILCRED* - Aplic/Resgate||
|I250|11104030002||2,04|C|0||RENTAB.INVEST FACILCRED* - Aplic/Resgate||
|I200|1289|20122024|0,21|N||
|I250|11102010002||0,21|D|0||RENTAB.INVEST FACILCRED* - Aplic/Resgate||
|I250|11104030002||0,21|C|0||RENTAB.INVEST FACILCRED* - Aplic/Resgate||
|I200|1290|20122024|11043,58|N||
|I250|31101020002||11043,58|D|0||PAGTO ELETRON COBRANCA COND SASIP 201224 - Condominio||
|I250|11102010002||11043,58|C|0||PAGTO ELETRON COBRANCA COND SASIP 201224 - Condominio||
|I200|1291|20122024|9|N||
|I250|42301010005||9|D|0||TARIFA BANCARIA TRANSF PGTO PIX - Despesas Bancįrias||
|I250|11102010002||9|C|0||TARIFA BANCARIA TRANSF PGTO PIX - Despesas Bancįrias||
|I200|1292|20122024|250|N||
|I250|31101020003||250|D|0||TRANSFERENCIA PIX DES: CARLOS ROBERTO DE OLI 20/12 - Manutenēćo e Conservaēćo||
|I250|11102010002||250|C|0||TRANSFERENCIA PIX DES: CARLOS ROBERTO DE OLI 20/12 - Manutenēćo e Conservaēćo||
|I200|1293|20122024|785,69|N||
|I250|12301010010||785,69|D|0||TRANSFERENCIA PIX DES: Helio Novaes Almeida 20/12 - Obra Guarujį||
|I250|11102010002||785,69|C|0||TRANSFERENCIA PIX DES: Helio Novaes Almeida 20/12 - Obra Guarujį||
|I200|1294|23122024|9|N||
|I250|42301010005||9|D|0||TARIFA BANCARIA TRANSF PGTO PIX - Despesas Bancįrias||
|I250|11102010002||9|C|0||TARIFA BANCARIA TRANSF PGTO PIX - Despesas Bancįrias||
|I200|1295|24122024|3,5|N||
|I250|42301010005||3,5|D|0||TARIFA BANCARIA TRANSF PGTO PIX - Despesas Bancįrias||
|I250|11102010002||3,5|C|0||TARIFA BANCARIA TRANSF PGTO PIX - Despesas Bancįrias||
|I200|1296|24122024|9|N||
|I250|42301010005||9|D|0||TARIFA BANCARIA TRANSF PGTO PIX - Despesas Bancįrias||
|I250|11102010002||9|C|0||TARIFA BANCARIA TRANSF PGTO PIX - Despesas Bancįrias||
|I200|1297|30122024|30000|N||
|I250|11102010002||30000|D|0||TRANSF CC PARA CC PJ KIPSTONE SERVICOS E TECNOLOGIA L - Mśtuo KPL||
|I250|22101030018||30000|C|0||TRANSF CC PARA CC PJ KIPSTONE SERVICOS E TECNOLOGIA L - Mśtuo KPL||
|I200|1298|30122024|3174,37|N||
|I250|12301010010||3174,37|D|0||TRANSFERENCIA PIX DES: HEIDER MOLICA CAMARGO 30/12 - Obra Guarujį||
|I250|11102010002||3174,37|C|0||TRANSFERENCIA PIX DES: HEIDER MOLICA CAMARGO 30/12 - Obra Guarujį||
|I200|1299|31122024|12563,25|N||
|I250|42103010050||12563,25|D|0||Depreciaēćo do ano Chįcara Piraquara||
|I250|12301010099||12563,25|C|0||Depreciaēćo do ano Chįcara Piraquara||
|I200|1300|31122024|5485,36|N||
|I250|42103010050||5485,36|D|0||Depreciaēćo do ano Studio Paris Ap 1101||
|I250|12301010099||5485,36|C|0||Depreciaēćo do ano Studio Paris Ap 1101||
|I200|1301|31122024|19464,19|N||
|I250|42103010050||19464,19|D|0||Depreciaēćo do ano Loft Sćo Paulo Cob1V||
|I250|12301010099||19464,19|C|0||Depreciaēćo do ano Loft Sćo Paulo Cob1V||
|I200|1302|31122024|19464,19|N||
|I250|42103010050||19464,19|D|0||Depreciaēćo do ano Casablanca Ecoville 1602||
|I250|12301010099||19464,19|C|0||Depreciaēćo do ano Casablanca Ecoville 1602||
|I200|1303|31122024|8847,36|N||
|I250|42103010050||8847,36|D|0||Depreciaēćo do ano Regency Florianópolis 3B||
|I250|12301010099||8847,36|C|0||Depreciaēćo do ano Regency Florianópolis 3B||
|I200|1304|31122024|13086,85|N||
|I250|42103010050||13086,85|D|0||Depreciaēćo do ano Bertioga 62||
|I250|12301010099||13086,85|C|0||Depreciaēćo do ano Bertioga 62||
|I200|1305|31122024|33619,97|N||
|I250|42103010050||33619,97|D|0||Depreciaēćo do ano Bertioga 88||
|I250|12301010099||33619,97|C|0||Depreciaēćo do ano Bertioga 88||
|I200|1306|31122024|33619,97|N||
|I250|42103010050||33619,97|D|0||Depreciaēćo do ano Bertioga 92||
|I250|12301010099||33619,97|C|0||Depreciaēćo do ano Bertioga 92||
|I200|1307|31122024|42589,02|N||
|I250|42103010050||42589,02|D|0||Depreciaēćo do ano Palais Royal 31||
|I250|12301010099||42589,02|C|0||Depreciaēćo do ano Palais Royal 31||
|I200|1308|31122024|12103,19|N||
|I250|42103010050||12103,19|D|0||Depreciaēćo do ano North York Sob 25||
|I250|12301010099||12103,19|C|0||Depreciaēćo do ano North York Sob 25||
|I200|1309|31122024|27957,66|N||
|I250|42103010050||27957,66|D|0||Depreciaēćo do ano Casa Campos Jordćo 57||
|I250|12301010099||27957,66|C|0||Depreciaēćo do ano Casa Campos Jordćo 57||
|I200|1310|31122024|47775,74|N||
|I250|42103010050||47775,74|D|0||Depreciaēćo do ano Iporanga Guarujį Q4-L19||
|I250|12301010099||47775,74|C|0||Depreciaēćo do ano Iporanga Guarujį Q4-L19||
|I200|1311|31122024|16659,6|N||
|I250|42103010050||16659,6|D|0||Depreciaēćo do ano Casa Sauternes||
|I250|12301010099||16659,6|C|0||Depreciaēćo do ano Casa Sauternes||
|I200|1312|31122024|227033,27|N||
|I250|42103010050||227033,27|D|0||Depreciaēćo do ano Casa Las Piedras||
|I250|12301010099||227033,27|C|0||Depreciaēćo do ano Casa Las Piedras||
|I200|1313|31122024|41375,26|N||
|I250|42103010050||41375,26|D|0||Depreciaēćo do ano Landmark 138-A||
|I250|12301010099||41375,26|C|0||Depreciaēćo do ano Landmark 138-A||
|I200|1314|31122024|45286,17|N||
|I250|42103010050||45286,17|D|0||Depreciaēćo do ano Landmark 139-A||
|I250|12301010099||45286,17|C|0||Depreciaēćo do ano Landmark 139-A||
|I200|1315|31122024|35912,88|N||
|I250|42103010050||35912,88|D|0||Depreciaēćo do ano Landmark 137-A||
|I250|12301010099||35912,88|C|0||Depreciaēćo do ano Landmark 137-A||
|I200|1316|31122024|28311,55|N||
|I250|42103010050||28311,55|D|0||Depreciaēćo do ano Imóvel Cotia||
|I250|12301010099||28311,55|C|0||Depreciaēćo do ano Imóvel Cotia||
|I200|1317|31122024|33117,79|N||
|I250|42103010050||33117,79|D|0||Depreciaēćo do ano Acyr Andrade Conjunto 32||
|I250|12301010099||33117,79|C|0||Depreciaēćo do ano Acyr Andrade Conjunto 32||
|I200|1318|31122024|33117,79|N||
|I250|42103010050||33117,79|D|0||Depreciaēćo do ano Acyr Andrade Conjunto 33||
|I250|12301010099||33117,79|C|0||Depreciaēćo do ano Acyr Andrade Conjunto 33||
|I200|1319|31122024|2641074,46|E||
|I250|31101010001||974697,81|D|0|1|Apuraēćo de Resultado||
|I250|23301010002||1666376,65|D|0|1|Apuraēćo de Resultado||
|I250|31101020001||10767,27|C|0|1|Apuraēćo de Resultado||
|I250|31101020002||297377,95|C|0|1|Apuraēćo de Resultado||
|I250|31101020003||736474,8|C|0|1|Apuraēćo de Resultado||
|I250|31101020005||37167,82|C|0|1|Apuraēćo de Resultado||
|I250|42101010006||449647,99|C|0|1|Apuraēćo de Resultado||
|I250|42101020001||60310,82|C|0|1|Apuraēćo de Resultado||
|I250|42103010001||3817,26|C|0|1|Apuraēćo de Resultado||
|I250|42103010004||1777,06|C|0|1|Apuraēćo de Resultado||
|I250|42103010013||17760,73|C|0|1|Apuraēćo de Resultado||
|I250|42103010020||146254,41|C|0|1|Apuraēćo de Resultado||
|I250|42103010021||3471,38|C|0|1|Apuraēćo de Resultado||
|I250|42103010026||1945,35|C|0|1|Apuraēćo de Resultado||
|I250|42103010031||4205,37|C|0|1|Apuraēćo de Resultado||
|I250|42103010033||1921,37|C|0|1|Apuraēćo de Resultado||
|I250|42103010034||35759,25|C|0|1|Apuraēćo de Resultado||
|I250|42103010035||2608,39|C|0|1|Apuraēćo de Resultado||
|I250|42301010005||4850,7|C|0|1|Apuraēćo de Resultado||
|I250|42103010038||34182,5|C|0|1|Apuraēćo de Resultado||
|I250|42103010039||8139,98|C|0|1|Apuraēćo de Resultado||
|I250|42103010040||45243|C|0|1|Apuraēćo de Resultado||
|I250|42103010050||737391,06|C|0|1|Apuraēćo de Resultado||
|I350|31122024|
|I355|31101010001||974697,81|C|
|I355|31101020001||10767,27|D|
|I355|31101020002||297377,95|D|
|I355|31101020003||736474,8|D|
|I355|31101020005||37167,82|D|
|I355|42101010006||449647,99|D|
|I355|42101020001||60310,82|D|
|I355|42103010001||3817,26|D|
|I355|42103010004||1777,06|D|
|I355|42103010013||17760,73|D|
|I355|42103010020||146254,41|D|
|I355|42103010021||3471,38|D|
|I355|42103010026||1945,35|D|
|I355|42103010031||4205,37|D|
|I355|42103010033||1921,37|D|
|I355|42103010034||35759,25|D|
|I355|42103010035||2608,39|D|
|I355|42103010038||34182,5|D|
|I355|42103010039||8139,98|D|
|I355|42103010040||45243|D|
|I355|42103010050||737391,06|D|
|I355|42301010005||4850,7|D|
|I990|5735|
|J001|0|
|J005|01012024|31122024|1||
|J100|BAL_1|T|1||A|ATIVO|21063990,1|D|21000343,45|D||
|J100|BAL_11|T|2|BAL_1|A|Circulante|82371,51|D|198499,24|D||
|J100|BAL_111|T|3|BAL_11|A|Disponibilidades|61446,42|D|120574,15|D||
|J100|BAL_11101|T|4|BAL_111|A|Disponķvel|0|D|19381,35|D||
|J100|BAL_1110101|T|5|BAL_11101|A|Caixa e Bancos|0|D|19381,35|D||
|J100|BAL_11101010001|D|6|BAL_1110101|A|Caixa|0|D|19381,35|D||
|J100|BAL_11102|T|4|BAL_111|A|Bancos|1,6|D|101420,25|D||
|J100|BAL_1110201|T|5|BAL_11102|A|Bancos Conta Movimento|1,6|D|101420,25|D||
|J100|BAL_11102010002|D|6|BAL_1110201|A|Banco Bradesco|1,6|D|101420,25|D||
|J100|BAL_11104|T|4|BAL_111|A|Bancos Aplicaēões|61444,82|D|227,45|C||
|J100|BAL_1110403|T|5|BAL_11104|A|Aplicaēões Financeiras|61444,82|D|227,45|C||
|J100|BAL_11104030002|D|6|BAL_1110403|A|Banco Bradesco|61444,82|D|227,45|C||
|J100|BAL_113|T|3|BAL_11|A|Créditos a Receber|20925,09|D|77925,09|D||
|J100|BAL_11304|T|4|BAL_113|A|Outros Adiantamentos|0|D|57000|D||
|J100|BAL_1130401|T|5|BAL_11304|A|Outros Adiantamentos|0|D|57000|D||
|J100|BAL_11304010007|D|6|BAL_1130401|A|Terceiros|0|D|57000|D||
|J100|BAL_11309|T|4|BAL_113|A|Tributos a Recuperar|20925,09|D|20925,09|D||
|J100|BAL_1130901|T|5|BAL_11309|A|Impostos a Recuperar|20925,09|D|20925,09|D||
|J100|BAL_11309010001|D|6|BAL_1130901|A|IRPJ a Recuperar|13078,18|D|13078,18|D||
|J100|BAL_11309010002|D|6|BAL_1130901|A|CSLL a Recuperar|7846,91|D|7846,91|D||
|J100|BAL_12|T|2|BAL_1|A|Nćo Circulante|20981618,59|D|20801844,21|D||
|J100|BAL_123|T|3|BAL_12|A|Permanente|20981618,59|D|20801844,21|D||
|J100|BAL_12301|T|4|BAL_123|A|Imobilizado|20981618,59|D|20801844,21|D||
|J100|BAL_1230101|T|5|BAL_12301|A|Imóveis|20981618,59|D|20801844,21|D||
|J100|BAL_12301010002|D|6|BAL_1230101|A|Acyr Andrade Conjunto 32|935810|D|935810|D||
|J100|BAL_12301010003|D|6|BAL_1230101|A|Acyr Andrade Conjunto 33|935810|D|935810|D||
|J100|BAL_12301010004|D|6|BAL_1230101|A|Studio Paris Ap 1101|155000|D|155000|D||
|J100|BAL_12301010005|D|6|BAL_1230101|A|Loft Sćo Paulo Cob1V|550000|D|550000|D||
|J100|BAL_12301010006|D|6|BAL_1230101|A|Casablanca Ecoville 1602|550000|D|550000|D||
|J100|BAL_12301010007|D|6|BAL_1230101|A|Regency Florianópolis 3B|250000|D|250000|D||
|J100|BAL_12301010008|D|6|BAL_1230101|A|Palais Royal 31|1203438|D|1203438|D||
|J100|BAL_12301010009|D|6|BAL_1230101|A|North York Sob 25|342000|D|342000|D||
|J100|BAL_12301010010|D|6|BAL_1230101|A|Iporanga Guarujį Q4-L19|1670209,75|D|2227826,43|D||
|J100|BAL_12301010011|D|6|BAL_1230101|A|Landmark 138-A|1169141,48|D|1169141,48|D||
|J100|BAL_12301010012|D|6|BAL_1230101|A|Landmark 139-A|1279651,94|D|1279651,94|D||
|J100|BAL_12301010013|D|6|BAL_1230101|A|Landmark 137-A|1014790,82|D|1014790,82|D||
|J100|BAL_12301010014|D|6|BAL_1230101|A|Imóvel Cotia|800000|D|800000|D||
|J100|BAL_12301010015|D|6|BAL_1230101|A|Bertioga 62|369795,39|D|369795,39|D||
|J100|BAL_12301010016|D|6|BAL_1230101|A|Bertioga 88|950000|D|950000|D||
|J100|BAL_12301010017|D|6|BAL_1230101|A|Bertioga 92|950000|D|950000|D||
|J100|BAL_12301010018|D|6|BAL_1230101|A|Chacara Piraquara|355000|D|355000|D||
|J100|BAL_12301010019|D|6|BAL_1230101|A|Casa Sauternes|470750,5|D|470750,5|D||
|J100|BAL_12301010020|D|6|BAL_1230101|A|Casa Las Piedras|6415282,82|D|6415282,82|D||
|J100|BAL_12301010021|D|6|BAL_1230101|A|Casa Campos do Jordćo|790000|D|790000|D||
|J100|BAL_12301010022|D|6|BAL_1230101|A|Terreno Catuama Goiana-PE|120000|D|120000|D||
|J100|BAL_12301010023|D|6|BAL_1230101|A|Vinicola The Vines Mendoza|1716192|D|1716192|D||
|J100|BAL_12301010024|D|6|BAL_1230101|A|Vinicola Rios e Corropios|390440,95|D|390440,95|D||
|J100|BAL_12301010099|D|6|BAL_1230101|A|(-) Depreciaēćo Acumulada Imóveis|2401695,06|C|3139086,12|C||
|J100|BAL_2|T|1||P|PASSIVO|21063990,1|C|21000343,45|C||
|J100|BAL_22|T|2|BAL_2|P|Exigķvel a Longo Prazo|3105174,72|C|4707904,72|C||
|J100|BAL_221|T|3|BAL_22|P|Obrigaēões Longo Prazo|3105174,72|C|4707904,72|C||
|J100|BAL_22101|T|4|BAL_221|P|Obrigaēões Longo Prazo|3105174,72|C|4707904,72|C||
|J100|BAL_2210102|T|5|BAL_22101|P|Imoveis Adq Terceiros|2550549,25|C|2550549,25|C||
|J100|BAL_22101020002|D|6|BAL_2210102|P|Bertioga 88|877502,14|C|877502,14|C||
|J100|BAL_22101020017|D|6|BAL_2210102|P|Bertioga 92|873047,11|C|873047,11|C||
|J100|BAL_22101020030|D|6|BAL_2210102|P|Terreno em Cotia|800000|C|800000|C||
|J100|BAL_2210103|T|5|BAL_22101|P|Mśtuo Ligadas|554625,47|C|2157355,47|C||
|J100|BAL_22101030002|D|6|BAL_2210103|P|Mśtuo AJS|55000|C|57500|C||
|J100|BAL_22101030018|D|6|BAL_2210103|P|Mśtuo Kipstone Ltda|562537,56|C|2341767,56|C||
|J100|BAL_22101030021|D|6|BAL_2210103|P|Mśtuo Nei|62912,09|D|241912,09|D||
|J100|BAL_23|T|2|BAL_2|P|Patrimōnio Lķquido|17958815,38|C|16292438,73|C||
|J100|BAL_231|T|3|BAL_23|P|Capital Social|20373103,9|C|20373103,9|C||
|J100|BAL_23101|T|4|BAL_231|P|Capital Social|20373103,9|C|20373103,9|C||
|J100|BAL_2310101|T|5|BAL_23101|P|Capital Realizado|1881620|C|1881620|C||
|J100|BAL_23101010001|D|6|BAL_2310101|P|Capital Social Subscrito|10000|C|10000|C||
|J100|BAL_23101010002|D|6|BAL_2310101|P|Capital Realizado Imóveis|1871620|C|1871620|C||
|J100|BAL_2310102|T|5|BAL_23101|P|Adiantamento para Aumento Capital|18491483,9|C|18491483,9|C||
|J100|BAL_23101020002|D|6|BAL_2310102|P|AFAC KSA|18491483,9|C|18491483,9|C||
|J100|BAL_233|T|3|BAL_23|P|Lucros ou Prejuķzos Acumulados|2414288,52|D|4080665,17|D||
|J100|BAL_23301|T|4|BAL_233|P|Lucros/Prejuķzos Acumulados|2414288,52|D|4080665,17|D||
|J100|BAL_2330101|T|5|BAL_23301|P|Lucros Acumulados|2414288,52|D|4080665,17|D||
|J100|BAL_23301010001|D|6|BAL_2330101|P|Lucros Acumulados|1474992,41|D|2414288,52|D||
|J100|BAL_23301010002|D|6|BAL_2330101|P|Do Exercicio|939296,11|D|1666376,65|D||
|J150|0|DRE_002_RB_31101010001        |D|2|DRE_112_TITULO_LUCRO_PREJUIZO |Receita Locaēćo Imóveis|632163,28|C|974697,81|C|R||
|J150|1|DRE_005_DR_31101020001        |D|2|DRE_112_TITULO_LUCRO_PREJUIZO |Impostos e Taxas|32935,72|D|10767,27|D|D||
|J150|2|DRE_006_DR_31101020002        |D|2|DRE_112_TITULO_LUCRO_PREJUIZO |Condomķnio|83243,4|D|297377,95|D|D||
|J150|3|DRE_007_DR_31101020003        |D|2|DRE_112_TITULO_LUCRO_PREJUIZO |Manutenēćo e Conservaēćo|338440,52|D|736474,8|D|D||
|J150|4|DRE_009_DR_31101020005        |D|2|DRE_112_TITULO_LUCRO_PREJUIZO |Despesas Legais e Cartoriais|1857,83|D|37167,82|D|D||
|J150|5|DRE_024_DO0_42101010006       |D|2|DRE_112_TITULO_LUCRO_PREJUIZO |Assist. Medica/Odontologica|0|D|449647,99|D|D||
|J150|6|DRE_028_DO0_42101010010       |D|2|DRE_112_TITULO_LUCRO_PREJUIZO |Cursos Treinamentos e Formaēćo|12138,13|D|0|D|D||
|J150|7|DRE_030_DO0_42101020001       |D|2|DRE_112_TITULO_LUCRO_PREJUIZO |INSS|4893,7|D|60310,82|D|D||
|J150|8|DRE_041_DO0_42103010001       |D|2|DRE_112_TITULO_LUCRO_PREJUIZO |Aluguel|1545|D|3817,26|D|D||
|J150|9|DRE_044_DO0_42103010004       |D|2|DRE_112_TITULO_LUCRO_PREJUIZO |Associaēões de Classe|0|D|1777,06|D|D||
|J150|10|DRE_045_DO0_42103010005       |D|2|DRE_112_TITULO_LUCRO_PREJUIZO |Condominios|88864,43|D|0|D|D||
|J150|11|DRE_050_DO0_42103010010       |D|2|DRE_112_TITULO_LUCRO_PREJUIZO |Despesas de Cartorio|193,66|D|0|D|D||
|J150|12|DRE_053_DO0_42103010013       |D|2|DRE_112_TITULO_LUCRO_PREJUIZO |Energia Eletrica|6114,01|D|17760,73|D|D||
|J150|13|DRE_059_DO0_42103010019       |D|2|DRE_112_TITULO_LUCRO_PREJUIZO |ITBI|51933,64|D|0|D|D||
|J150|14|DRE_060_DO0_42103010020       |D|2|DRE_112_TITULO_LUCRO_PREJUIZO |IPTU, ITR e Incra|136306,38|D|146254,41|D|D||
|J150|15|DRE_061_DO0_42103010021       |D|2|DRE_112_TITULO_LUCRO_PREJUIZO |Agua e Esgoto|3476,29|D|3471,38|D|D||
|J150|16|DRE_065_DO0_42103010026       |D|2|DRE_112_TITULO_LUCRO_PREJUIZO |Marcas e Domķnios|6000|D|1945,35|D|D||
|J150|17|DRE_066_DO0_42103010027       |D|2|DRE_112_TITULO_LUCRO_PREJUIZO |Material de Escritorio|746,69|D|0|D|D||
|J150|18|DRE_067_DO0_42103010028       |D|2|DRE_112_TITULO_LUCRO_PREJUIZO |Obras, Reformas e Manutenēćo|8472,28|D|0|D|D||
|J150|19|DRE_070_DO0_42103010031       |D|2|DRE_112_TITULO_LUCRO_PREJUIZO |Seguros|0|D|4205,37|D|D||
|J150|20|DRE_071_DO0_42103010032       |D|2|DRE_112_TITULO_LUCRO_PREJUIZO |Limpeza Manutenēćo Conservaēćo|2737,04|D|0|D|D||
|J150|21|DRE_072_DO0_42103010033       |D|2|DRE_112_TITULO_LUCRO_PREJUIZO |Servicos de Terceiros PJ|3715,3|D|1921,37|D|D||
|J150|22|DRE_073_DO0_42103010034       |D|2|DRE_112_TITULO_LUCRO_PREJUIZO |Taxas Diversas|0|D|35759,25|D|D||
|J150|23|DRE_074_DO0_42103010035       |D|2|DRE_112_TITULO_LUCRO_PREJUIZO |Telefonia e Dados|438,29|D|2608,39|D|D||
|J150|24|DRE_076_DO0_42103010038       |D|2|DRE_112_TITULO_LUCRO_PREJUIZO |Despesas com Veķculos|0|D|34182,5|D|D||
|J150|25|DRE_077_DO0_42103010039       |D|2|DRE_112_TITULO_LUCRO_PREJUIZO |Taxas e Multas Detran|15484,76|D|8139,98|D|D||
|J150|26|DRE_078_DO0_42103010040       |D|2|DRE_112_TITULO_LUCRO_PREJUIZO |Ajuda de Custo|0|D|45243|D|D||
|J150|27|DRE_079_DO0_42103010050       |D|2|DRE_112_TITULO_LUCRO_PREJUIZO |Depreciaēćo e Amortizaēćo|768115,7|D|737391,06|D|D||
|J150|28|DRE_080_DO0_42202010001       |D|2|DRE_112_TITULO_LUCRO_PREJUIZO |Propaganda e Publicidade|129|D|0|D|D||
|J150|29|DRE_102_DO2_42301010005       |D|2|DRE_112_TITULO_LUCRO_PREJUIZO |Despesas Bancarias|3677,62|D|4850,7|D|D||
|J150|30|DRE_112_TITULO_LUCRO_PREJUIZO |T|1|                              |PREJUĶZO LĶQUIDO DO EXERCĶCIO|0|D|1666376,65|D|D||
|J900|TERMO DE ENCERRAMENTO|1|Livro Diįrio Geral|LM Administraēćo de Bens Imóveis Ltda.|5882|01012024|31122024|
|J930|LM Administraēćo de Bens Imóveis Ltda.|17970759000108|Pessoa Jurķdica (e-CNPJ ou e-PJ)|001|||||||N|
|J930|Helenilto Aureliano Pontes|56524021991|Contador|900||helenilto@ajsilva.com.br|1125074383||||S|
|J930|Helenilto Aureliano Pontes|56524021991|Contador|900|1PR291360|helenilto@ajsilva.com.br|1125074383|SP|||N|
|J990|111|
|9001|0|
|9900|0000|1|
|9900|0001|1|
|9900|0007|1|
|9900|0990|1|
|9900|I001|1|
|9900|I010|1|
|9900|I030|1|
|9900|I050|414|
|9900|I051|292|
|9900|I052|293|
|9900|I075|2|
|9900|I150|12|
|9900|I155|717|
|9900|I200|1319|
|9900|I250|2659|
|9900|I350|1|
|9900|I355|22|
|9900|I990|1|
|9900|J001|1|
|9900|J005|1|
|9900|J100|73|
|9900|J150|31|
|9900|J900|1|
|9900|J930|3|
|9900|J990|1|
|9900|9001|1|
|9900|9990|1|
|9900|9999|1|
|9900|9900|29|
|9990|32|
|9999|5882|
